agg_trade_id,price,quantity,first_trade_id,last_trade_id,transact_time,is_buyer_maker
712923,71570.5,0.019,932689,932689,1730678403974,false
712924,71572.0,0.023,932690,932690,1730678403974,false
712925,71572.1,0.006,932691,932691,1730678403974,false
712926,71570.5,0.071,932692,932694,1730678404110,true
712927,71538.6,0.002,932695,932695,1730678420169,true
712928,71542.4,0.001,932696,932696,1730678423724,false
712929,71542.4,0.001,932697,932697,1730678427272,false
712930,71537.5,0.001,932698,932698,1730678457761,true
712931,71529.0,0.031,932699,932699,1730678458504,true
712932,71506.7,0.076,932700,932701,1730678463070,false
712933,71500.0,0.01,932702,932702,1730678464029,true
712934,71489.1,0.001,932703,932703,1730678477932,false
712935,71486.6,0.003,932704,932704,1730678477960,false
712936,71480.5,0.003,932705,932707,1730678481050,true
712937,71479.2,0.001,932708,932708,1730678481055,true
712938,71479.3,0.005,932709,932709,1730678482287,false
712939,71481.8,0.01,932710,932710,1730678487287,false
712940,71479.2,0.005,932711,932713,1730678498075,true
712941,71481.8,0.001,932714,932714,1730678511190,false
712942,71481.8,0.03,932715,932717,1730678511377,false
712943,71514.2,0.009,932718,932718,1730678523068,false
712944,71514.2,0.016,932719,932719,1730678525736,true
712945,71502.7,0.002,932720,932720,1730678526094,false
712946,71525.7,0.002,932721,932721,1730678535642,true
712947,71512.4,0.009,932722,932724,1730678541984,true
712948,71456.1,0.009,932725,932725,1730678577287,false
712949,71456.0,0.006,932726,932727,1730678577478,true
712950,71456.0,0.133,932728,932728,1730678577964,true
712951,71454.8,0.007,932729,932730,1730678577964,true
712952,71451.1,0.009,932731,932731,1730678586300,true
712953,71451.0,0.031,932732,932732,1730678586300,true
712954,71460.7,0.001,932733,932733,1730678596211,false
712955,71454.5,0.001,932734,932734,1730678601788,true
712956,71445.0,0.031,932735,932735,1730678603028,true
712957,71435.3,0.002,932736,932736,1730678606427,true
712958,71430.4,0.001,932737,932737,1730678607626,false
712959,71432.2,0.003,932738,932738,1730678609854,false
712960,71431.6,0.003,932739,932739,1730678617287,false
712961,71435.9,0.003,932740,932740,1730678617287,false
712962,71429.6,0.001,932741,932741,1730678657913,true
712963,71434.3,0.001,932742,932742,1730678658262,false
712964,71450.6,0.007,932743,932743,1730678672515,false
712965,71451.5,0.01,932744,932744,1730678672515,false
712966,71451.6,0.009,932745,932745,1730678672515,false
712967,71451.7,0.005,932746,932746,1730678672515,false
712968,71462.3,0.002,932747,932748,1730678700890,false
712969,71453.4,0.002,932749,932749,1730678707287,false
712970,71453.5,0.008,932750,932750,1730678707287,false
712971,71472.0,0.006,932751,932751,1730678717287,false
712972,71474.8,0.003,932752,932752,1730678722633,false
712973,71454.8,0.01,932753,932754,1730678807417,true
712974,71421.4,0.009,932755,932755,1730678812287,false
712975,71422.4,0.006,932756,932756,1730678817287,false
712976,71421.0,0.001,932757,932757,1730678817395,true
712977,71414.2,0.001,932758,932758,1730678817815,true
712978,71400.0,0.006,932759,932761,1730678818726,true
712979,71400.0,0.004,932762,932763,1730678820035,true
712980,71418.9,0.001,932764,932764,1730678836082,false
712981,71419.5,0.001,932765,932765,1730678836659,false
712982,71421.5,0.007,932766,932766,1730678877287,false
712983,71424.2,0.001,932767,932767,1730678877287,false
712984,71419.7,0.001,932768,932768,1730678883646,true
712985,71410.0,0.002,932769,932769,1730678884834,false
712986,71423.7,0.001,932770,932770,1730678889638,false
712987,71419.1,0.002,932771,932771,1730678890836,true
712988,71438.9,0.002,932772,932772,1730678895937,false
712989,71438.8,0.003,932773,932773,1730678898176,false
712990,71442.8,0.002,932774,932775,1730678931782,true
712991,71417.4,0.001,932776,932776,1730678937112,false
712992,71418.6,0.003,932777,932778,1730678938071,false
712993,71433.9,0.005,932779,932779,1730678952287,false
712994,71436.6,0.001,932780,932780,1730678956378,false
712995,71436.4,0.001,932781,932781,1730678957825,false
712996,71431.8,0.001,932782,932782,1730678959912,true
712997,71403.8,0.007,932783,932783,1730678965811,false
712998,71383.4,0.001,932784,932784,1730678970951,true
712999,71378.8,0.051,932785,932786,1730678978338,true
713000,71378.6,0.027,932787,932788,1730678978338,true
713001,71377.9,0.01,932789,932789,1730678978338,true
713002,71377.8,0.027,932790,932790,1730678978338,true
713003,71386.9,0.001,932791,932791,1730678986882,false
713004,71397.2,0.005,932792,932792,1730678997287,false
713005,71400.0,0.013,932793,932793,1730679000703,false
713006,71397.4,0.007,932794,932794,1730679032287,false
713007,71397.2,0.012,932795,932797,1730679046986,true
713008,71388.4,0.01,932798,932799,1730679066199,false
713009,71392.9,0.001,932800,932800,1730679075893,false
713010,71392.9,0.002,932801,932801,1730679076031,false
713011,71396.7,0.009,932802,932802,1730679087287,false
713012,71395.7,0.003,932803,932804,1730679104949,true
713013,71395.7,0.002,932805,932806,1730679137703,false
713014,71405.6,0.003,932807,932807,1730679138037,false
713015,71375.8,0.003,932808,932808,1730679192287,false
713016,71381.0,0.001,932809,932809,1730679192287,false
713017,71378.1,0.001,932810,932810,1730679192419,false
713018,71395.5,0.008,932811,932811,1730679194956,true
713019,71394.0,0.028,932812,932813,1730679194956,true
713020,71392.7,0.007,932814,932814,1730679194956,true
713021,71390.4,0.015,932815,932815,1730679194956,true
713022,71390.3,0.041,932816,932816,1730679194956,true
713023,71388.2,0.003,932817,932817,1730679194956,true
713024,71401.9,0.001,932818,932818,1730679195513,false
713025,71400.2,0.004,932819,932819,1730679207287,false
713026,71418.4,0.002,932820,932821,1730679213433,false
713027,71418.4,0.001,932822,932822,1730679214090,false
713028,71418.4,0.019,932823,932828,1730679214670,false
713029,71439.6,0.001,932829,932829,1730679240948,true
713030,71423.2,0.002,932830,932830,1730679255946,false
713031,71423.2,0.007,932831,932831,1730679257287,false
713032,71420.9,0.002,932832,932833,1730679265537,true
713033,71451.6,0.001,932834,932834,1730679318039,false
713034,71451.5,0.003,932835,932835,1730679320298,false
713035,71481.8,0.008,932836,932836,1730679357287,false
713036,71479.2,0.001,932837,932837,1730679361362,true
713037,71475.7,0.001,932838,932838,1730679378154,false
713038,71458.8,0.006,932839,932839,1730679388561,true
713039,71378.8,0.002,932840,932840,1730679435730,false
713040,71376.4,0.001,932841,932841,1730679436348,false
713041,71376.2,0.009,932842,932842,1730679437287,false
713042,71373.6,0.003,932843,932845,1730679444629,true
713043,71368.2,0.005,932846,932847,1730679446797,true
713044,71366.2,0.007,932848,932848,1730679472636,true
713045,71390.0,0.001,932849,932849,1730679496728,false
713046,71395.6,0.01,932850,932850,1730679509450,true
713047,71360.1,0.005,932851,932851,1730679547287,false
713048,71366.2,0.004,932852,932852,1730679547287,false
713049,71358.1,0.02,932853,932855,1730679552112,true
713050,71356.9,0.001,932856,932856,1730679552130,true
713051,71354.4,0.001,932857,932857,1730679552169,true
713052,71344.4,0.002,932858,932859,1730679552330,true
713053,71343.5,0.002,932860,932860,1730679552346,true
713054,71341.9,0.002,932861,932861,1730679552464,true
713055,71328.1,0.001,932862,932862,1730679553034,true
713056,71328.0,0.002,932863,932863,1730679555615,false
713057,71362.0,0.001,932864,932864,1730679579770,true
713058,71364.8,0.002,932865,932865,1730679601941,true
713059,71363.7,0.001,932866,932866,1730679601941,true
713060,71351.4,0.003,932867,932867,1730679605129,false
713061,71389.0,0.001,932868,932868,1730679617282,false
713062,71395.3,0.001,932869,932869,1730679619164,false
713063,71391.1,0.001,932870,932870,1730679633286,true
713064,71398.6,0.003,932871,932871,1730679637598,false
713065,71396.8,0.003,932872,932874,1730679662906,false
713066,71406.1,0.004,932875,932875,1730679679794,true
713067,71397.4,0.002,932876,932876,1730679796013,false
713068,71397.4,0.001,932877,932877,1730679796525,false
713069,71403.8,0.003,932878,932878,1730679798073,false
713070,71403.9,0.023,932879,932879,1730679801197,false
713071,71404.0,0.023,932880,932880,1730679801197,false
713072,71403.8,0.008,932881,932881,1730679812287,false
713073,71411.2,0.002,932882,932882,1730679830400,false
713074,71418.7,0.031,932883,932883,1730679850596,false
713075,71426.9,0.003,932884,932886,1730679866665,true
713076,71411.1,0.005,932887,932887,1730679897287,false
713077,71418.8,0.005,932888,932888,1730679962287,false
713078,71410.8,0.001,932889,932889,1730679976193,false
713079,71408.1,0.009,932890,932890,1730679982287,false
713080,71407.9,0.005,932891,932891,1730679987287,false
713081,71408.8,0.004,932892,932892,1730679987287,false
713082,71407.6,0.004,932893,932893,1730679992287,false
713083,71407.3,0.009,932894,932894,1730679997287,false
713084,71406.8,0.041,932895,932895,1730680015771,false
713085,71406.9,0.049,932896,932897,1730680015771,false
713086,71406.7,0.002,932898,932899,1730680017901,true
713087,71393.8,0.001,932900,932900,1730680017901,true
713088,71380.0,0.002,932901,932901,1730680033133,true
713089,71359.2,0.002,932902,932903,1730680046703,true
713090,71350.0,0.004,932904,932904,1730680052400,true
713091,71345.1,0.003,932905,932906,1730680063017,true
713092,71338.3,0.002,932907,932907,1730680074907,true
713093,71338.2,0.001,932908,932908,1730680074907,true
713094,71320.0,0.008,932909,932909,1730680078484,true
713095,71317.5,0.002,932910,932910,1730680078484,true
713096,71313.5,0.007,932911,932913,1730680081770,false
713097,71315.0,0.002,932914,932914,1730680082212,false
713098,71335.7,0.003,932915,932915,1730680097531,false
713099,71332.6,0.006,932916,932917,1730680106036,true
713100,71330.3,0.001,932918,932918,1730680106036,true
713101,71326.6,0.002,932919,932919,1730680156229,false
713102,71321.5,0.005,932920,932921,1730680161585,true
713103,71321.8,0.001,932922,932922,1730680218008,false
713104,71323.4,0.001,932923,932923,1730680220320,false
713105,71319.4,0.011,932924,932924,1730680223860,true
713106,71319.3,0.019,932925,932925,1730680223860,true
713107,71319.2,0.001,932926,932926,1730680223860,true
713108,71317.3,0.01,932927,932927,1730680223860,true
713109,71317.2,0.031,932928,932928,1730680223860,true
713110,71316.5,0.01,932929,932929,1730680223860,true
713111,71315.8,0.007,932930,932930,1730680223860,true
713112,71315.7,0.001,932931,932931,1730680223860,true
713113,71321.6,0.006,932932,932932,1730680237287,false
713114,71321.7,0.005,932933,932933,1730680237287,false
713115,71319.0,0.001,932934,932934,1730680243095,true
713116,71315.7,0.001,932935,932935,1730680249259,true
713117,71316.7,0.001,932936,932936,1730680259829,false
713118,71315.4,0.001,932937,932937,1730680271278,true
713119,71315.4,0.002,932938,932938,1730680272797,true
713120,71313.4,0.004,932939,932940,1730680272797,true
713121,71308.1,0.002,932941,932941,1730680272910,true
713122,71301.7,0.006,932942,932942,1730680272965,true
713123,71301.5,0.001,932943,932943,1730680272965,true
713124,71300.0,0.01,932944,932944,1730680272965,true
713125,71298.1,0.001,932945,932945,1730680272965,true
713126,71293.7,0.007,932946,932947,1730680272965,true
713127,71290.2,0.003,932948,932948,1730680276858,false
713128,71290.0,0.015,932949,932949,1730680278261,true
713129,71286.6,0.001,932950,932950,1730680279039,true
713130,71323.9,0.003,932951,932952,1730680287238,false
713131,71311.2,0.005,932953,932955,1730680296840,false
713132,71311.2,0.007,932956,932959,1730680296955,false
713133,71318.7,0.003,932960,932961,1730680297146,false
713134,71320.7,0.003,932962,932962,1730680308125,false
713135,71324.6,0.014,932963,932965,1730680308285,false
713136,71358.0,0.01,932966,932968,1730680339537,false
713137,71367.3,0.003,932969,932969,1730680339788,false
713138,71368.3,0.081,932970,932971,1730680339788,false
713139,71372.8,0.004,932972,932972,1730680340139,true
713140,71363.9,0.003,932973,932975,1730680362754,true
713141,71359.0,0.001,932976,932976,1730680363054,true
713142,71340.1,0.003,932977,932978,1730680396040,false
713143,71350.5,0.003,932979,932980,1730680416571,true
713144,71332.2,0.001,932981,932981,1730680418231,true
713145,71322.8,0.001,932982,932982,1730680421718,true
713146,71322.8,0.002,932983,932983,1730680421951,true
713147,71307.4,0.002,932984,932984,1730680428707,true
713148,71301.4,0.003,932985,932985,1730680428724,true
713149,71303.7,0.002,932986,932986,1730680428727,true
713150,71285.0,0.002,932987,932988,1730680437121,true
713151,71265.0,0.001,932989,932989,1730680452114,true
713152,71260.1,0.001,932990,932990,1730680452221,true
713153,71260.0,0.03,932991,932997,1730680453019,true
713154,71250.0,0.002,932998,932999,1730680453243,true
713155,71247.8,0.001,933000,933000,1730680453328,true
713156,71243.0,0.004,933001,933002,1730680455041,true
713157,71255.2,0.003,933003,933003,1730680458653,false
713158,71247.9,0.003,933004,933006,1730680466267,true
713159,71252.0,0.003,933007,933007,1730680476267,false
713160,71255.2,0.004,933008,933008,1730680476703,false
713161,71256.8,0.003,933009,933009,1730680476715,false
713162,71260.2,0.002,933010,933010,1730680478318,false
713163,71260.2,0.001,933011,933011,1730680478422,false
713164,71257.7,0.003,933012,933013,1730680484660,false
713165,71251.0,0.003,933014,933015,1730680496507,false
713166,71254.7,0.003,933016,933017,1730680497856,false
713167,71260.0,0.007,933018,933019,1730680500355,false
713168,71260.1,0.003,933020,933020,1730680500355,false
713169,71258.3,0.007,933021,933021,1730680506703,false
713170,71278.4,0.003,933022,933023,1730680520346,false
713171,71281.5,0.001,933024,933024,1730680520395,false
713172,71270.5,0.003,933025,933025,1730680537287,false
713173,71273.2,0.005,933026,933026,1730680537287,false
713174,71251.8,0.003,933027,933028,1730680576188,false
713175,71247.4,0.005,933029,933033,1730680578258,true
713176,71243.5,0.003,933034,933035,1730680578812,true
713177,71230.0,0.061,933036,933042,1730680580153,true
713178,71229.4,0.002,933043,933044,1730680580241,true
713179,71225.2,0.002,933045,933045,1730680581064,true
713180,71219.7,0.007,933046,933046,1730680581064,true
713181,71208.8,0.011,933047,933047,1730680581064,true
713182,71210.4,0.001,933048,933048,1730680581119,false
713183,71205.4,0.005,933049,933051,1730680584041,true
713184,71200.0,0.23,933052,933061,1730680584070,true
713185,71181.4,0.001,933062,933062,1730680584157,true
713186,71178.4,0.041,933063,933063,1730680584157,true
713187,71177.8,0.023,933064,933065,1730680584157,true
713188,71177.7,0.023,933066,933066,1730680584157,true
713189,71190.2,0.031,933067,933067,1730680584183,true
713190,71162.9,0.006,933068,933069,1730680584189,true
713191,71162.7,0.02,933070,933071,1730680584189,true
713192,71166.8,0.002,933072,933073,1730680585081,false
713193,71166.8,0.001,933074,933074,1730680585241,false
713194,71168.2,0.005,933075,933078,1730680585378,false
713195,71170.6,0.008,933079,933082,1730680585830,false
713196,71181.1,0.003,933083,933083,1730680586666,false
713197,71161.5,0.004,933084,933084,1730680598336,false
713198,71154.1,0.007,933085,933085,1730680600189,true
713199,71152.2,0.001,933086,933086,1730680600203,true
713200,71133.0,0.001,933087,933087,1730680601600,true
713201,71133.1,0.003,933088,933089,1730680602288,false
713202,71135.6,0.003,933090,933090,1730680603087,false
713203,71144.7,0.019,933091,933091,1730680603087,false
713204,71145.1,0.001,933092,933092,1730680603087,false
713205,71150.1,0.023,933093,933093,1730680603087,false
713206,71151.7,0.004,933094,933094,1730680603087,false
713207,71139.4,0.003,933095,933096,1730680604455,false
713208,71139.6,0.003,933097,933097,1730680604457,false
713209,71133.0,0.001,933098,933098,1730680612257,true
713210,71133.0,0.005,933099,933101,1730680612509,true
713211,71124.3,0.004,933102,933104,1730680619485,false
713212,71135.1,0.001,933105,933105,1730680619837,false
713213,71135.1,0.003,933106,933108,1730680620100,false
713214,71124.2,0.001,933109,933109,1730680622061,true
713215,71124.2,0.005,933110,933110,1730680622412,true
713216,71120.5,0.002,933111,933111,1730680622412,true
713217,71120.6,0.004,933112,933112,1730680623722,false
713218,71121.0,0.004,933113,933113,1730680623722,false
713219,71126.3,0.005,933114,933114,1730680625287,false
713220,71130.0,0.005,933115,933115,1730680625697,false
713221,71132.1,0.005,933116,933116,1730680625697,false
713222,71143.9,0.005,933117,933117,1730680626253,false
713223,71135.0,0.004,933118,933119,1730680628370,false
713224,71142.7,0.004,933120,933122,1730680630234,false
713225,71144.8,0.004,933123,933123,1730680636760,false
713226,71150.2,0.005,933124,933124,1730680650660,false
713227,71120.5,0.005,933125,933128,1730680662236,true
713228,71118.1,0.002,933129,933130,1730680662359,true
713229,71117.4,0.01,933131,933133,1730680662360,true
713230,71117.1,0.002,933134,933134,1730680662367,true
713231,71077.6,0.004,933135,933136,1730680665767,false
713232,71087.0,0.001,933137,933137,1730680666035,false
713233,71084.3,0.008,933138,933138,1730680666035,true
713234,71083.9,0.019,933139,933139,1730680666035,true
713235,71083.0,0.031,933140,933140,1730680666035,true
713236,71077.7,0.023,933141,933141,1730680666035,true
713237,71077.6,0.01,933142,933142,1730680666035,true
713238,71066.1,0.002,933143,933143,1730680668687,false
713239,71065.4,0.003,933144,933146,1730680669225,false
713240,71068.3,0.003,933147,933147,1730680676780,false
713241,71060.3,0.004,933148,933149,1730680682951,true
713242,71056.0,0.082,933150,933155,1730680682958,true
713243,71048.3,0.003,933156,933156,1730680683117,true
713244,71042.9,0.005,933157,933157,1730680683133,true
713245,71029.3,0.001,933158,933158,1730680683136,true
713246,71027.2,0.041,933159,933159,1730680683136,true
713247,71021.6,0.011,933160,933160,1730680683136,true
713248,71018.5,0.008,933161,933161,1730680683136,true
713249,71023.8,0.005,933162,933164,1730680683941,false
713250,71037.0,0.003,933165,933166,1730680687139,false
713251,71058.7,0.01,933167,933167,1730680689787,false
713252,71058.8,0.01,933168,933168,1730680689787,false
713253,71050.3,0.003,933169,933169,1730680692537,false
713254,71058.6,0.003,933170,933170,1730680697798,false
713255,71051.0,0.003,933171,933171,1730680698405,false
713256,71050.9,0.005,933172,933172,1730680698857,true
713257,71044.4,0.003,933173,933174,1730680700825,false
713258,71042.3,0.001,933175,933175,1730680706830,true
713259,71037.3,0.001,933176,933176,1730680707324,true
713260,71017.8,0.001,933177,933177,1730680711557,true
713261,71009.5,0.003,933178,933179,1730680714777,false
713262,71000.0,0.001,933180,933180,1730680716007,true
713263,70984.9,0.003,933181,933181,1730680717033,false
713264,70992.3,0.003,933182,933182,1730680717896,false
713265,71007.6,0.003,933183,933183,1730680718109,false
713266,70999.7,0.001,933184,933184,1730680720114,false
713267,70999.7,0.003,933185,933185,1730680721707,false
713268,71009.3,0.003,933186,933187,1730680722738,false
713269,71016.0,0.003,933188,933188,1730680722849,false
713270,71019.7,0.003,933189,933189,1730680724073,false
713271,71028.6,0.016,933190,933190,1730680724073,false
713272,71032.8,0.003,933191,933193,1730680730987,false
713273,71039.9,0.003,933194,933194,1730680741242,false
713274,71048.3,0.001,933195,933195,1730680741242,false
713275,70987.7,0.002,933196,933196,1730680749032,true
713276,70987.1,0.003,933197,933197,1730680749032,true
713277,70981.4,0.023,933198,933198,1730680749032,true
713278,70981.3,0.001,933199,933199,1730680749032,true
713279,70980.7,0.009,933200,933200,1730680749032,true
713280,70980.6,0.064,933201,933202,1730680749032,true
713281,70976.2,0.001,933203,933203,1730680749032,true
713282,70974.1,0.001,933204,933204,1730680749032,true
713283,70974.0,0.009,933205,933205,1730680749032,true
713284,70973.5,0.041,933206,933206,1730680749032,true
713285,70973.4,0.001,933207,933207,1730680749032,true
713286,70972.7,0.007,933208,933209,1730680749032,true
713287,70969.6,0.001,933210,933210,1730680749032,true
713288,70969.5,0.009,933211,933211,1730680749032,true
713289,70969.4,0.001,933212,933212,1730680749032,true
713290,70969.3,0.009,933213,933213,1730680749032,true
713291,70969.2,0.001,933214,933214,1730680749032,true
713292,70966.3,0.001,933215,933215,1730680749032,true
713293,70965.3,0.011,933216,933216,1730680749032,true
713294,70965.2,0.005,933217,933217,1730680749032,true
713295,71002.5,0.003,933218,933219,1730680753077,false
713296,71008.6,0.003,933220,933221,1730680754942,false
713297,71034.5,0.002,933222,933222,1730680755940,false
713298,71021.7,0.003,933223,933223,1730680756330,true
713299,71021.6,0.002,933224,933224,1730680756792,true
713300,71006.0,0.001,933225,933225,1730680757693,false
713301,71009.1,0.01,933226,933226,1730680762243,true
713302,71010.6,0.003,933227,933228,1730680763000,false
713303,71032.8,0.003,933229,933229,1730680787126,true
713304,71133.0,0.007,933230,933231,1730680811002,false
713305,71145.0,0.016,933232,933232,1730680815432,false
713306,71152.1,0.001,933233,933233,1730680816369,true
713307,71152.1,0.001,933234,933234,1730680817854,false
713308,71152.2,0.001,933235,933235,1730680817941,false
713309,71141.9,0.001,933236,933236,1730680818937,true
713310,71136.3,0.003,933237,933237,1730680819420,false
713311,71123.7,0.003,933238,933239,1730680821072,true
713312,71080.4,0.003,933240,933241,1730680833688,false
713313,71097.5,0.002,933242,933242,1730680876012,false
713314,71112.5,0.002,933243,933244,1730680897862,true
713315,71129.8,0.001,933245,933245,1730680936448,false
713316,71129.8,0.002,933246,933246,1730680936556,false
713317,71118.9,0.001,933247,933247,1730680943995,true
713318,71108.5,0.002,933248,933249,1730680944680,true
713319,71086.7,0.031,933250,933250,1730680968947,true
713320,71081.2,0.023,933251,933251,1730680968947,true
713321,71081.1,0.016,933252,933252,1730680968947,true
713322,71157.2,0.002,933253,933253,1730680996545,false
713323,71148.7,0.009,933254,933254,1730680997317,false
713324,71146.4,0.002,933255,933256,1730680997441,true
713325,71143.8,0.001,933257,933257,1730680997637,false
713326,71156.9,0.003,933258,933258,1730680998327,false
713327,71166.6,0.008,933259,933259,1730681021424,false
713328,71196.8,0.005,933260,933260,1730681055579,false
713329,71201.3,0.001,933261,933261,1730681056482,false
713330,71199.4,0.002,933262,933263,1730681056547,false
713331,71197.3,0.003,933264,933264,1730681057849,false
713332,71192.5,0.003,933265,933267,1730681058859,true
713333,71179.2,0.006,933268,933268,1730681059422,true
713334,71201.5,0.002,933269,933269,1730681087641,false
713335,71169.8,0.019,933270,933270,1730681102111,true
713336,71166.4,0.003,933271,933271,1730681102111,true
713337,71166.3,0.023,933272,933272,1730681102111,true
713338,71163.4,0.01,933273,933273,1730681102111,true
713339,71163.3,0.014,933274,933274,1730681102111,true
713340,71159.8,0.003,933275,933275,1730681102111,true
713341,71159.7,0.007,933276,933276,1730681102111,true
713342,71159.6,0.003,933277,933277,1730681102111,true
713343,71159.5,0.007,933278,933278,1730681102111,true
713344,71158.0,0.001,933279,933279,1730681102111,true
713345,71154.2,0.001,933280,933280,1730681102111,true
713346,71153.9,0.01,933281,933281,1730681102111,true
713347,71153.8,0.01,933282,933282,1730681102111,true
713348,71152.3,0.041,933283,933283,1730681102111,true
713349,71150.9,0.001,933284,933284,1730681102111,true
713350,71150.4,0.001,933285,933285,1730681102111,true
713351,71205.4,0.005,933286,933286,1730681112287,false
713352,71213.4,0.002,933287,933287,1730681112287,false
713353,71212.3,0.003,933288,933288,1730681117340,false
713354,71212.3,0.001,933289,933289,1730681118125,false
713355,71212.3,0.001,933290,933290,1730681119458,false
713356,71250.0,0.001,933291,933291,1730681137287,false
713357,71255.8,0.008,933292,933292,1730681137287,false
713358,71248.3,0.001,933293,933293,1730681138915,true
713359,71247.6,0.002,933294,933294,1730681138918,true
713360,71246.4,0.002,933295,933296,1730681150083,true
713361,71232.7,0.007,933297,933297,1730681168705,false
713362,71225.8,0.004,933298,933298,1730681176039,false
713363,71227.5,0.001,933299,933299,1730681177068,false
713364,71219.5,0.004,933300,933300,1730681177690,true
713365,71198.7,0.005,933301,933301,1730681214457,false
713366,71193.2,0.002,933302,933302,1730681234253,false
713367,71195.4,0.001,933303,933303,1730681236456,false
713368,71195.3,0.002,933304,933304,1730681236547,false
713369,71196.8,0.003,933305,933305,1730681237456,false
713370,71208.1,0.011,933306,933306,1730681252287,false
713371,71206.8,0.003,933307,933308,1730681252919,true
713372,71205.5,0.003,933309,933310,1730681252919,true
713373,71186.4,0.001,933311,933311,1730681253949,true
713374,71182.1,0.002,933312,933312,1730681273935,false
713375,71194.1,0.007,933313,933313,1730681282671,true
713376,71193.8,0.031,933314,933314,1730681282671,true
713377,71186.4,0.001,933315,933315,1730681282671,true
713378,71185.0,0.004,933316,933316,1730681282671,true
713379,71184.9,0.006,933317,933317,1730681282671,true
713380,71182.7,0.002,933318,933318,1730681282671,true
713381,71182.6,0.004,933319,933319,1730681282671,true
713382,71182.5,0.002,933320,933320,1730681282671,true
713383,71182.4,0.004,933321,933321,1730681282671,true
713384,71182.3,0.002,933322,933322,1730681282671,true
713385,71182.2,0.004,933323,933323,1730681282671,true
713386,71182.1,0.002,933324,933324,1730681282671,true
713387,71182.0,0.002,933325,933325,1730681282671,true
713388,71201.0,0.01,933326,933326,1730681282728,false
713389,71201.1,0.01,933327,933327,1730681282728,false
713390,71220.4,0.002,933328,933328,1730681296067,false
713391,71224.9,0.001,933329,933329,1730681296903,false
713392,71224.3,0.001,933330,933330,1730681297780,false
713393,71217.9,0.005,933331,933331,1730681307287,false
713394,71217.8,0.005,933332,933332,1730681307614,true
713395,71150.1,0.007,933333,933333,1730681322287,false
713396,71150.0,0.002,933334,933335,1730681324345,true
713397,71131.6,0.002,933336,933336,1730681330052,false
713398,71129.8,0.003,933337,933337,1730681334176,true
713399,71128.7,0.007,933338,933338,1730681335660,true
713400,71120.0,0.004,933339,933339,1730681336008,true
713401,71124.7,0.005,933340,933340,1730681342287,false
713402,71150.0,0.006,933341,933341,1730681352287,false
713403,71151.1,0.003,933342,933342,1730681356164,false
713404,71151.1,0.001,933343,933343,1730681356356,false
713405,71164.7,0.003,933344,933344,1730681358201,false
713406,71177.1,0.001,933345,933345,1730681375328,true
713407,71177.1,0.003,933346,933347,1730681376373,true
713408,71177.1,0.001,933348,933348,1730681377665,true
713409,71175.1,0.003,933349,933350,1730681377680,true
713410,71174.8,0.001,933351,933351,1730681377696,false
713411,71176.0,0.031,933352,933352,1730681386816,true
713412,71172.7,0.017,933353,933353,1730681386816,true
713413,71170.4,0.01,933354,933354,1730681386816,true
713414,71170.3,0.005,933355,933355,1730681386816,true
713415,71223.1,0.003,933356,933356,1730681416878,false
713416,71222.2,0.003,933357,933358,1730681417544,false
713417,71210.7,0.005,933359,933361,1730681419119,true
713418,71202.8,0.009,933362,933362,1730681427287,false
713419,71202.8,0.002,933363,933363,1730681476146,false
713420,71202.8,0.001,933364,933364,1730681477361,false
713421,71202.8,0.004,933365,933365,1730681479180,false
713422,71207.0,0.01,933366,933366,1730681479180,false
713423,71208.2,0.01,933367,933367,1730681479180,false
713424,71209.8,0.006,933368,933368,1730681479180,false
713425,71209.9,0.001,933369,933369,1730681479180,false
713426,71210.0,0.041,933370,933370,1730681479180,false
713427,71211.8,0.023,933371,933371,1730681479180,false
713428,71211.9,0.033,933372,933373,1730681479180,false
713429,71213.4,0.007,933374,933374,1730681479180,false
713430,71215.7,0.01,933375,933375,1730681479180,false
713431,71216.1,0.009,933376,933376,1730681479180,false
713432,71217.1,0.001,933377,933377,1730681479180,false
713433,71219.5,0.01,933378,933378,1730681479180,false
713434,71219.6,0.03,933379,933379,1730681479180,false
713435,71219.7,0.07,933380,933380,1730681479180,false
713436,71219.9,0.012,933381,933381,1730681479180,false
713437,71242.3,0.001,933382,933382,1730681485320,false
713438,71268.6,0.035,933383,933383,1730681494665,false
713439,71274.6,0.009,933384,933384,1730681497287,false
713440,71273.8,0.003,933385,933385,1730681497402,true
713441,71286.6,0.001,933386,933386,1730681503254,false
713442,71293.7,0.003,933387,933389,1730681505092,false
713443,71293.7,0.004,933390,933392,1730681521567,false
713444,71298.1,0.001,933393,933393,1730681521582,false
713445,71300.0,0.01,933394,933394,1730681523053,false
713446,71301.5,0.001,933395,933395,1730681523901,false
713447,71301.7,0.006,933396,933396,1730681523901,false
713448,71308.6,0.035,933397,933397,1730681528132,false
713449,71313.4,0.002,933398,933398,1730681528146,false
713450,71318.9,0.041,933399,933399,1730681528146,false
713451,71339.1,0.005,933400,933400,1730681536663,false
713452,71337.1,0.001,933401,933401,1730681536709,false
713453,71335.4,0.007,933402,933402,1730681545042,false
713454,71336.1,0.006,933403,933403,1730681545042,false
713455,71337.0,0.035,933404,933404,1730681545042,false
713456,71338.3,0.01,933405,933405,1730681545042,false
713457,71343.7,0.005,933406,933407,1730681545042,false
713458,71329.1,0.005,933408,933409,1730681550966,true
713459,71316.8,0.004,933410,933410,1730681566313,true
713460,71318.5,0.035,933411,933411,1730681577491,false
713461,71319.1,0.007,933412,933412,1730681577491,false
713462,71322.1,0.004,933413,933413,1730681577491,false
713463,71322.2,0.01,933414,933414,1730681577491,false
713464,71320.1,0.002,933415,933415,1730681595802,false
713465,71316.1,0.001,933416,933416,1730681596465,false
713466,71313.9,0.01,933417,933417,1730681597287,false
713467,71312.1,0.003,933418,933419,1730681600069,true
713468,71308.5,0.001,933420,933420,1730681600069,true
713469,71350.2,0.005,933421,933421,1730681656331,false
713470,71350.1,0.001,933422,933422,1730681657834,false
713471,71343.7,0.004,933423,933425,1730681671405,true
713472,71308.0,0.035,933426,933427,1730681692891,false
713473,71314.1,0.023,933428,933428,1730681692915,false
713474,71316.9,0.001,933429,933429,1730681692933,false
713475,71320.4,0.01,933430,933431,1730681692933,false
713476,71368.2,0.003,933432,933432,1730681716275,false
713477,71368.2,0.001,933433,933433,1730681716770,false
713478,71368.2,0.001,933434,933434,1730681717351,false
713479,71380.8,0.035,933435,933435,1730681718135,false
713480,71400.0,0.01,933436,933440,1730681718860,false
713481,71411.5,0.003,933441,933441,1730681719318,false
713482,71414.2,0.001,933442,933442,1730681725544,false
713483,71421.0,0.001,933443,933443,1730681725671,false
713484,71432.9,0.003,933444,933445,1730681728643,true
713485,71434.4,0.008,933446,933446,1730681733975,false
713486,71440.3,0.001,933447,933447,1730681733975,false
713487,71446.8,0.048,933448,933449,1730681733975,false
713488,71447.1,0.006,933450,933450,1730681733975,false
713489,71447.5,0.001,933451,933451,1730681733975,false
713490,71449.9,0.007,933452,933452,1730681733975,false
713491,71454.7,0.001,933453,933453,1730681733975,false
713492,71454.8,0.007,933454,933455,1730681733975,false
713493,71455.2,0.01,933456,933456,1730681733975,false
713494,71449.3,0.001,933457,933457,1730681745099,true
713495,71456.9,0.034,933458,933458,1730681745189,false
713496,71461.9,0.001,933459,933459,1730681745189,false
713497,71464.9,0.01,933460,933460,1730681745189,false
713498,71468.2,0.017,933461,933461,1730681745189,false
713499,71469.1,0.001,933462,933462,1730681745189,false
713500,71470.4,0.001,933463,933463,1730681745189,false
713501,71470.5,0.07,933464,933464,1730681745189,false
713502,71470.7,0.041,933465,933465,1730681745189,false
713503,71474.9,0.014,933466,933466,1730681745189,false
713504,71476.3,0.001,933467,933467,1730681745189,false
713505,71477.8,0.01,933468,933468,1730681745189,false
713506,71477.9,0.014,933469,933469,1730681745189,false
713507,71479.2,0.001,933470,933470,1730681749063,false
713508,71479.2,0.005,933471,933471,1730681751007,false
713509,71483.5,0.002,933472,933472,1730681759524,true
713510,71477.9,0.002,933473,933474,1730681762873,true
713511,71477.9,0.23,933475,933475,1730681762981,true
713512,71444.9,0.002,933476,933476,1730681776382,false
713513,71444.9,0.001,933477,933477,1730681776626,false
713514,71435.5,0.002,933478,933478,1730681779949,false
713515,71435.4,0.002,933479,933480,1730681780163,true
713516,71436.2,0.01,933481,933481,1730681782287,false
713517,71435.6,0.009,933482,933482,1730681787287,false
713518,71435.8,0.002,933483,933483,1730681795034,true
713519,71435.4,0.001,933484,933484,1730681795034,true
713520,71418.1,0.004,933485,933486,1730681804753,false
713521,71445.3,0.002,933487,933487,1730681835933,false
713522,71431.6,0.002,933488,933489,1730681838121,true
713523,71410.6,0.002,933490,933490,1730681861254,false
713524,71406.8,0.008,933491,933491,1730681867287,false
713525,71410.4,0.003,933492,933492,1730681867287,false
713526,71429.6,0.01,933493,933493,1730681887297,true
713527,71429.5,0.019,933494,933494,1730681887297,true
713528,71427.0,0.045,933495,933496,1730681887297,true
713529,71425.0,0.006,933497,933497,1730681887297,true
713530,71425.3,0.002,933498,933499,1730681895046,true
713531,71421.1,0.001,933500,933500,1730681896206,false
713532,71421.1,0.002,933501,933501,1730681896772,false
713533,71411.5,0.001,933502,933502,1730681901328,true
713534,71410.3,0.002,933503,933503,1730681901363,true
713535,71425.0,0.002,933504,933504,1730681916321,false
713536,71468.9,0.002,933505,933505,1730681951545,true
713537,71458.5,0.002,933506,933506,1730681956036,false
713538,71458.5,0.001,933507,933507,1730681956808,false
713539,71485.8,0.001,933508,933508,1730681979298,false
713540,71500.0,0.01,933509,933509,1730681997287,false
713541,71500.0,1.372,933510,933527,1730682000507,false
713542,71500.0,0.027,933528,933530,1730682000636,false
713543,71508.1,0.005,933531,933531,1730682000672,false
713544,71508.1,0.003,933532,933532,1730682001089,false
713545,71508.1,0.012,933533,933533,1730682001267,false
713546,71510.2,0.002,933534,933535,1730682001347,false
713547,71531.4,0.003,933536,933537,1730682002872,false
713548,71531.4,0.002,933538,933538,1730682002974,false
713549,71555.4,0.001,933539,933539,1730682015233,false
713550,71555.4,0.004,933540,933540,1730682018056,false
713551,71555.4,0.001,933541,933541,1730682018218,false
713552,71555.3,0.002,933542,933542,1730682018327,true
713553,71549.2,0.001,933543,933543,1730682020008,true
713554,71559.0,0.001,933544,933544,1730682023695,false
713555,71567.9,0.001,933545,933545,1730682023833,false
713556,71573.9,0.002,933546,933546,1730682023833,false
713557,71579.4,0.001,933547,933547,1730682025133,false
713558,71568.8,0.002,933548,933549,1730682025416,true
713559,71557.5,0.001,933550,933550,1730682033963,true
713560,71547.5,0.003,933551,933552,1730682034888,true
713561,71540.9,0.001,933553,933553,1730682036210,true
713562,71534.1,0.022,933554,933557,1730682037909,true
713563,71523.3,0.003,933558,933559,1730682050904,true
713564,71512.9,0.022,933560,933562,1730682052141,true
713565,71506.8,0.009,933563,933563,1730682057287,false
713566,71506.8,0.016,933564,933573,1730682073010,false
713567,71506.8,0.001,933574,933574,1730682076260,false
713568,71517.3,0.001,933575,933575,1730682076260,false
713569,71548.4,0.005,933576,933578,1730682106032,true
713570,71560.5,0.002,933579,933580,1730682123830,false
713571,71560.5,0.004,933581,933581,1730682124442,false
713572,71579.5,0.004,933582,933582,1730682131225,false
713573,71590.0,0.001,933583,933583,1730682132380,false
713574,71595.5,0.001,933584,933584,1730682136595,false
713575,71600.0,0.002,933585,933585,1730682136641,false
713576,71600.0,0.004,933586,933587,1730682138476,false
713577,71600.0,0.011,933588,933591,1730682139217,false
713578,71602.1,0.006,933592,933592,1730682140033,false
713579,71614.9,0.008,933593,933593,1730682140033,false
713580,71616.2,0.007,933594,933595,1730682140033,false
713581,71616.4,0.014,933596,933596,1730682140033,false
713582,71616.5,0.041,933597,933597,1730682140033,false
713583,71617.8,0.023,933598,933598,1730682140033,false
713584,71618.8,0.009,933599,933599,1730682140033,false
713585,71620.0,0.002,933600,933600,1730682140033,false
713586,71620.3,0.024,933601,933602,1730682140033,false
713587,71621.8,0.003,933603,933603,1730682140033,false
713588,71622.6,0.001,933604,933604,1730682140033,false
713589,71623.2,0.001,933605,933605,1730682140033,false
713590,71624.9,0.003,933606,933606,1730682140033,false
713591,71627.4,0.007,933607,933607,1730682140033,false
713592,71627.5,0.001,933608,933608,1730682140033,false
713593,71628.7,0.008,933609,933609,1730682140033,false
713594,71628.8,0.002,933610,933610,1730682140033,false
713595,71628.9,0.014,933611,933611,1730682140033,false
713596,71629.0,0.008,933612,933612,1730682140033,false
713597,71629.1,0.041,933613,933613,1730682140033,false
713598,71629.7,0.023,933614,933614,1730682140033,false
713599,71631.2,0.059,933615,933615,1730682140033,false
713600,71607.2,0.001,933616,933616,1730682152850,true
713601,71618.2,0.006,933617,933617,1730682172292,false
713602,71614.9,0.008,933618,933621,1730682180800,true
713603,71608.3,0.006,933622,933622,1730682192287,false
713604,71608.2,0.018,933623,933623,1730682194330,true
713605,71593.8,0.002,933624,933624,1730682196122,false
713606,71586.2,0.001,933625,933625,1730682197916,true
713607,71586.2,0.017,933626,933632,1730682198347,true
713608,71578.4,0.016,933633,933633,1730682203313,true
713609,71552.1,0.016,933634,933634,1730682209762,true
713610,71545.3,0.015,933635,933635,1730682211234,true
713611,71531.7,0.01,933636,933636,1730682227900,true
713612,71531.6,0.016,933637,933637,1730682227900,true
713613,71531.4,0.034,933638,933638,1730682227900,true
713614,71524.6,0.023,933639,933640,1730682227900,true
713615,71524.5,0.021,933641,933641,1730682227900,true
713616,71520.7,0.002,933642,933642,1730682234306,true
713617,71504.7,0.013,933643,933643,1730682240732,true
713618,71500.0,0.01,933644,933646,1730682242205,true
713619,71496.5,0.004,933647,933647,1730682242323,false
713620,71504.1,0.002,933648,933648,1730682254835,true
713621,71507.2,0.034,933649,933649,1730682255663,true
713622,71499.5,0.01,933650,933650,1730682255663,true
713623,71495.7,0.01,933651,933651,1730682255670,true
713624,71461.7,0.01,933652,933652,1730682260555,true
713625,71454.8,0.007,933653,933654,1730682263666,true
713626,71450.8,0.035,933655,933655,1730682263673,true
713627,71439.2,0.01,933656,933656,1730682263696,true
713628,71466.1,0.008,933657,933657,1730682302652,true
713629,71448.8,0.004,933658,933658,1730682302796,true
713630,71439.3,0.004,933659,933659,1730682307287,false
713631,71429.8,0.001,933660,933660,1730682313954,true
713632,71437.4,0.001,933661,933661,1730682317226,false
713633,71436.4,0.006,933662,933662,1730682317287,false
713634,71433.1,0.001,933663,933663,1730682319130,true
713635,71422.0,0.008,933664,933664,1730682323433,true
713636,71421.0,0.001,933665,933665,1730682323433,true
713637,71400.0,0.01,933666,933666,1730682326359,true
713638,71392.4,0.008,933667,933667,1730682329618,true
713639,71385.3,0.007,933668,933668,1730682329784,true
713640,71387.7,0.001,933669,933669,1730682344969,true
713641,71373.9,0.008,933670,933670,1730682347197,true
713642,71368.2,0.005,933671,933671,1730682347213,true
713643,71371.1,0.008,933672,933672,1730682347311,true
713644,71369.1,0.007,933673,933673,1730682377287,false
713645,71387.3,0.001,933674,933674,1730682378510,false
713646,71387.4,0.002,933675,933675,1730682378510,false
713647,71411.6,0.002,933676,933676,1730682384710,true
713648,71419.4,0.011,933677,933677,1730682390200,false
713649,71427.5,0.001,933678,933678,1730682395100,true
713650,71431.0,0.001,933679,933679,1730682406305,true
713651,71415.1,0.001,933680,933680,1730682420074,true
713652,71412.0,0.002,933681,933681,1730682436207,false
713653,71411.9,0.001,933682,933682,1730682436949,true
713654,71411.9,0.007,933683,933684,1730682439900,true
713655,71447.5,0.005,933685,933685,1730682449886,true
713656,71444.1,0.006,933686,933686,1730682453625,true
713657,71432.5,0.005,933687,933687,1730682462287,false
713658,71396.2,0.006,933688,933688,1730682480210,true
713659,71406.8,0.001,933689,933689,1730682496663,false
713660,71405.8,0.035,933690,933690,1730682498980,false
713661,71413.4,0.023,933691,933691,1730682498980,false
713662,71413.5,0.015,933692,933692,1730682498980,false
713663,71413.6,0.047,933693,933695,1730682498980,false
713664,71414.4,0.002,933696,933696,1730682508913,false
713665,71442.4,0.011,933697,933697,1730682512287,false
713666,71431.3,0.001,933698,933698,1730682526062,true
713667,71435.1,0.005,933699,933701,1730682543480,true
713668,71433.7,0.01,933702,933702,1730682568287,true
713669,71432.5,0.01,933703,933703,1730682568287,true
713670,71432.4,0.019,933704,933704,1730682568287,true
713671,71428.4,0.023,933705,933705,1730682568287,true
713672,71428.3,0.023,933706,933706,1730682568287,true
713673,71427.8,0.001,933707,933707,1730682568287,true
713674,71424.6,0.01,933708,933708,1730682568287,true
713675,71422.4,0.01,933709,933709,1730682568287,true
713676,71420.7,0.001,933710,933710,1730682568287,true
713677,71418.2,0.007,933711,933711,1730682568287,true
713678,71418.1,0.006,933712,933712,1730682568287,true
713679,71423.4,0.004,933713,933715,1730682597510,true
713680,71408.9,0.006,933716,933716,1730682602287,false
713681,71408.8,0.004,933717,933717,1730682602482,true
713682,71402.8,0.005,933718,933718,1730682607141,true
713683,71415.8,0.001,933719,933719,1730682623908,false
713684,71433.9,0.001,933720,933720,1730682634820,false
713685,71442.7,0.003,933721,933722,1730682648849,true
713686,71500.0,0.01,933723,933726,1730682672095,false
713687,71512.2,0.002,933727,933727,1730682674733,true
713688,71494.2,0.008,933728,933728,1730682682287,false
713689,71493.1,0.008,933729,933730,1730682683660,true
713690,71468.1,0.001,933731,933731,1730682695148,true
713691,71476.2,0.004,933732,933734,1730682700167,false
713692,71476.2,0.007,933735,933737,1730682700415,false
713693,71476.2,0.001,933738,933738,1730682700678,false
713694,71487.3,0.006,933739,933740,1730682703199,true
713695,71477.8,0.009,933741,933742,1730682708541,true
713696,71503.8,0.009,933743,933744,1730682724169,true
713697,71474.2,0.034,933745,933745,1730682737454,false
713698,71479.3,0.005,933746,933746,1730682737454,false
713699,71479.7,0.015,933747,933747,1730682737454,false
713700,71482.4,0.011,933748,933748,1730682737454,false
713701,71482.5,0.023,933749,933749,1730682737454,false
713702,71482.6,0.023,933750,933750,1730682737454,false
713703,71483.5,0.001,933751,933751,1730682737454,false
713704,71487.9,0.01,933752,933752,1730682737454,false
713705,71488.1,0.009,933753,933753,1730682737454,false
713706,71488.4,0.008,933754,933754,1730682737454,false
713707,71489.8,0.014,933755,933755,1730682737454,false
713708,71489.9,0.041,933756,933756,1730682737454,false
713709,71490.7,0.001,933757,933757,1730682737454,false
713710,71497.3,0.01,933758,933758,1730682737454,false
713711,71497.5,0.006,933759,933759,1730682737454,false
713712,71497.9,0.001,933760,933760,1730682737454,false
713713,71500.9,0.01,933761,933761,1730682737454,false
713714,71501.0,0.07,933762,933762,1730682737454,false
713715,71501.4,0.016,933763,933763,1730682737454,false
713716,71501.5,0.041,933764,933764,1730682737454,false
713717,71503.8,0.832,933765,933770,1730682737456,true
713718,71480.8,0.002,933771,933771,1730682740038,false
713719,71480.8,0.004,933772,933772,1730682740752,false
713720,71483.5,0.001,933773,933773,1730682740752,false
713721,71487.0,0.01,933774,933774,1730682741009,false
713722,71490.7,0.009,933775,933776,1730682741110,false
713723,71494.3,0.002,933777,933777,1730682741477,false
713724,71497.9,0.001,933778,933778,1730682741649,false
713725,71497.8,0.003,933779,933780,1730682741680,false
713726,71494.9,0.003,933781,933782,1730682743048,false
713727,71504.2,0.009,933783,933783,1730682747287,false
713728,71489.9,0.034,933784,933786,1730682751032,false
713729,71509.1,0.002,933787,933787,1730682756842,false
713730,71496.0,0.004,933788,933790,1730682772378,false
713731,71495.6,0.001,933791,933791,1730682777616,true
713732,71486.5,0.009,933792,933793,1730682780115,true
713733,71503.9,0.006,933794,933794,1730682832287,false
713734,71504.0,0.001,933795,933795,1730682832287,false
713735,71512.2,0.01,933796,933796,1730682857963,true
713736,71491.0,0.01,933797,933797,1730682866462,false
713737,71497.4,0.01,933798,933798,1730682866462,false
713738,71497.5,0.023,933799,933799,1730682866462,false
713739,71497.9,0.001,933800,933800,1730682866462,false
713740,71498.2,0.008,933801,933801,1730682866462,false
713741,71499.2,0.01,933802,933802,1730682866462,false
713742,71501.6,0.01,933803,933803,1730682866462,false
713743,71501.7,0.008,933804,933804,1730682866462,false
713744,71501.8,0.024,933805,933805,1730682866462,false
713745,71491.4,0.001,933806,933806,1730682874343,false
713746,71498.2,0.008,933807,933810,1730682894769,true
713747,71491.5,0.005,933811,933811,1730682897287,false
713748,71502.0,0.001,933812,933812,1730682900634,false
713749,71506.4,0.012,933813,933814,1730682902225,true
713750,71508.1,0.003,933815,933817,1730682915770,true
713751,71450.0,0.001,933818,933818,1730682923279,true
713752,71442.7,0.001,933819,933819,1730682926350,true
713753,71486.0,0.002,933820,933820,1730682943791,false
713754,71488.6,0.008,933821,933823,1730682944633,false
713755,71505.3,0.01,933824,933824,1730682952287,false
713756,71531.4,0.004,933825,933828,1730682965318,false
713757,71531.4,0.001,933829,933829,1730682966017,false
713758,71506.2,0.008,933830,933833,1730683022780,false
713759,71555.4,0.001,933834,933834,1730683043033,false
713760,71600.0,0.004,933835,933835,1730683051383,false
713761,71600.0,0.006,933836,933836,1730683052287,false
713762,71600.9,0.001,933837,933837,1730683052287,false
713763,71610.2,0.006,933838,933839,1730683060697,true
713764,71605.6,0.005,933840,933840,1730683066840,false
713765,71579.0,0.006,933841,933842,1730683082410,true
713766,71558.0,0.001,933843,933843,1730683090047,true
713767,71534.5,0.007,933844,933846,1730683106898,false
713768,71534.9,0.009,933847,933847,1730683112287,false
713769,71542.3,0.055,933848,933849,1730683128983,true
713770,71535.0,0.01,933850,933851,1730683129153,true
713771,71574.8,0.005,933852,933852,1730683136658,false
713772,71591.0,0.034,933853,933853,1730683140430,false
713773,71602.0,0.006,933854,933855,1730683150754,true
713774,71590.0,0.034,933856,933856,1730683154933,false
713775,71592.0,0.008,933857,933857,1730683154933,false
713776,71599.1,0.013,933858,933858,1730683154933,false
713777,71602.6,0.008,933859,933859,1730683154933,false
713778,71605.8,0.008,933860,933860,1730683154933,false
713779,71616.2,0.001,933861,933861,1730683196733,false
713780,71616.2,0.006,933862,933865,1730683199400,false
713781,71647.2,0.005,933866,933867,1730683205191,false
713782,71647.9,0.001,933868,933868,1730683205206,false
713783,71650.0,0.004,933869,933872,1730683205233,false
713784,71624.3,0.007,933873,933875,1730683218469,true
713785,71642.8,0.011,933876,933876,1730683237287,false
713786,71656.8,0.006,933877,933878,1730683242864,false
713787,71658.1,0.004,933879,933880,1730683242913,false
713788,71658.1,0.016,933881,933883,1730683243121,false
713789,71680.0,0.008,933884,933884,1730683261595,false
713790,71689.8,0.001,933885,933885,1730683263391,false
713791,71695.0,0.005,933886,933886,1730683263741,false
713792,71700.0,0.01,933887,933887,1730683266437,false
713793,71707.5,0.002,933888,933888,1730683268039,false
713794,71710.0,0.015,933889,933889,1730683268055,false
713795,71740.0,0.03,933890,933890,1730683272823,false
713796,71724.1,0.001,933891,933891,1730683284752,true
713797,71722.3,0.002,933892,933893,1730683286391,true
713798,71750.0,0.001,933894,933894,1730683307191,false
713799,71770.0,0.06,933895,933895,1730683310681,false
713800,71776.6,0.01,933896,933896,1730683312291,false
713801,71769.9,0.009,933897,933902,1730683317364,true
713802,71775.5,0.018,933903,933905,1730683324099,true
713803,71776.6,0.15,933906,933908,1730683326500,false
713804,71776.6,0.054,933909,933910,1730683326773,false
713805,71777.7,0.007,933911,933911,1730683327100,false
713806,71778.0,0.007,933912,933913,1730683327107,false
713807,71780.8,0.007,933914,933914,1730683327697,false
713808,71800.0,0.066,933915,933920,1730683332068,false
713809,71800.0,0.068,933921,933925,1730683332392,false
713810,71803.0,0.018,933926,933931,1730683334610,true
713811,71790.1,0.017,933932,933933,1730683335004,true
713812,71776.0,0.016,933934,933936,1730683335873,true
713813,71774.8,0.006,933937,933938,1730683366869,false
713814,71790.5,0.01,933939,933939,1730683367449,false
713815,71797.6,0.002,933940,933940,1730683367449,false
713816,71808.1,0.02,933941,933943,1730683376809,false
713817,71824.1,0.001,933944,933944,1730683378317,false
713818,71830.0,0.026,933945,933945,1730683378325,false
713819,71830.0,0.021,933946,933946,1730683379043,false
713820,71830.0,0.193,933947,933954,1730683382297,false
713821,71834.3,0.006,933955,933955,1730683382325,false
713822,71838.7,0.008,933956,933959,1730683383554,true
713823,71829.4,0.001,933960,933960,1730683384305,true
713824,71829.4,0.001,933961,933961,1730683384413,true
713825,71829.2,0.003,933962,933962,1730683384413,true
713826,71806.6,0.01,933963,933963,1730683394985,true
713827,71806.5,0.002,933964,933964,1730683394985,true
713828,71838.8,0.001,933965,933965,1730683407823,false
713829,71839.0,0.099,933966,933966,1730683410380,true
713830,71839.2,0.005,933967,933967,1730683413144,false
713831,71839.2,0.003,933968,933969,1730683413732,false
713832,71819.1,0.002,933970,933970,1730683433186,true
713833,71818.3,0.003,933971,933971,1730683433198,true
713834,71781.6,0.034,933972,933972,1730683439281,false
713835,71802.9,0.001,933973,933973,1730683440633,true
713836,71785.9,0.002,933974,933975,1730683445072,true
713837,71779.0,0.008,933976,933977,1730683446952,true
713838,71779.0,0.008,933978,933979,1730683447058,true
713839,71761.7,0.014,933980,933982,1730683448306,true
713840,71761.5,0.002,933983,933984,1730683448353,true
713841,71758.7,0.002,933985,933985,1730683454331,true
713842,71750.0,0.013,933986,933986,1730683454813,true
713843,71719.3,0.001,933987,933987,1730683461962,false
713844,71705.7,0.01,933988,933988,1730683470736,true
713845,71705.6,0.02,933989,933989,1730683470736,true
713846,71700.1,0.003,933990,933990,1730683489441,true
713847,71700.0,0.01,933991,933991,1730683489441,true
713848,71699.5,0.001,933992,933992,1730683489649,true
713849,71690.5,0.002,933993,933993,1730683490273,true
713850,71690.0,0.002,933994,933994,1730683490273,true
713851,71689.8,0.001,933995,933995,1730683490273,true
713852,71669.5,0.001,933996,933996,1730683504577,true
713853,71672.0,0.001,933997,933997,1730683505413,true
713854,71681.9,0.001,933998,933998,1730683520419,false
713855,71669.2,0.001,933999,933999,1730683542572,true
713856,71669.2,0.001,934000,934000,1730683542846,true
713857,71662.4,0.003,934001,934001,1730683544998,true
713858,71660.0,0.004,934002,934002,1730683544998,true
713859,71656.8,0.006,934003,934003,1730683545309,true
713860,71636.0,0.007,934004,934006,1730683548103,false
713861,71630.0,0.008,934007,934007,1730683551482,true
713862,71646.2,0.012,934008,934009,1730683567806,true
713863,71628.9,0.011,934010,934010,1730683570193,true
713864,71625.7,0.002,934011,934012,1730683572246,false
713865,71626.5,0.011,934013,934013,1730683575447,true
713866,71616.2,0.007,934014,934015,1730683575786,true
713867,71600.0,0.025,934016,934017,1730683578034,true
713868,71580.3,0.009,934018,934018,1730683579462,true
713869,71647.8,0.009,934019,934019,1730683635604,false
713870,71635.6,0.013,934020,934020,1730683635908,false
713871,71643.9,0.01,934021,934021,1730683635908,false
713872,71632.9,0.007,934022,934022,1730683636902,false
713873,71638.7,0.034,934023,934023,1730683640836,false
713874,71639.1,0.008,934024,934024,1730683640836,false
713875,71640.9,0.009,934025,934025,1730683640836,false
713876,71641.0,0.023,934026,934026,1730683640836,false
713877,71641.1,0.023,934027,934027,1730683640836,false
713878,71641.9,0.001,934028,934028,1730683640836,false
713879,71654.6,0.008,934029,934029,1730683647603,false
713880,71662.9,0.009,934030,934030,1730683660997,false
713881,71663.0,0.005,934031,934031,1730683660997,false
713882,71659.4,0.026,934032,934032,1730683662928,false
713883,71662.6,0.004,934033,934033,1730683662928,false
713884,71659.5,0.013,934034,934034,1730683663924,false
713885,71661.2,0.021,934035,934035,1730683663924,false
713886,71662.8,0.005,934036,934036,1730683665340,false
713887,71677.8,0.009,934037,934037,1730683671421,false
713888,71682.5,0.03,934038,934039,1730683671511,false
713889,71686.9,0.009,934040,934040,1730683671736,false
713890,71700.0,0.009,934041,934045,1730683682632,false
713891,71700.0,0.001,934046,934046,1730683682748,false
713892,71708.9,0.004,934047,934048,1730683682867,false
713893,71728.1,0.009,934049,934049,1730683683119,false
713894,71728.2,0.023,934050,934050,1730683683119,false
713895,71728.3,0.001,934051,934051,1730683683119,false
713896,71729.4,0.001,934052,934052,1730683683119,false
713897,71735.5,0.001,934053,934053,1730683683119,false
713898,71708.3,0.005,934054,934054,1730683688953,true
713899,71691.7,0.008,934055,934055,1730683707287,false
713900,71667.0,0.034,934056,934056,1730683744269,false
713901,71671.4,0.005,934057,934057,1730683787287,false
713902,71669.2,0.008,934058,934060,1730683787750,true
713903,71655.0,0.002,934061,934061,1730683790962,true
713904,71644.2,0.021,934062,934062,1730683792584,true
713905,71672.3,0.001,934063,934063,1730683803192,false
713906,71665.2,0.019,934064,934064,1730683816513,true
713907,71657.8,0.003,934065,934065,1730683818038,false
713908,71670.1,0.009,934066,934066,1730683819559,false
713909,71670.2,0.034,934067,934067,1730683819559,false
713910,71708.2,0.009,934068,934070,1730683827002,false
713911,71708.3,0.007,934071,934073,1730683827011,false
713912,71708.3,0.071,934074,934075,1730683827115,false
713913,71727.9,0.009,934076,934076,1730683828241,false
713914,71727.9,0.001,934077,934077,1730683829506,true
713915,71727.9,0.001,934078,934078,1730683829911,true
713916,71727.9,0.009,934079,934082,1730683830611,true
713917,71727.9,0.271,934083,934085,1730683831175,true
713918,71719.4,0.003,934086,934087,1730683844254,false
713919,71729.9,0.003,934088,934088,1730683844572,false
713920,71764.3,0.001,934089,934089,1730683861226,false
713921,71772.1,0.03,934090,934090,1730683863423,false
713922,71772.0,0.009,934091,934091,1730683863473,false
713923,71772.1,0.004,934092,934092,1730683863473,false
713924,71772.4,0.008,934093,934093,1730683863473,false
713925,71774.8,0.008,934094,934094,1730683863473,false
713926,71778.0,0.017,934095,934097,1730683866324,false
713927,71777.9,0.005,934098,934098,1730683866389,true
713928,71761.4,0.027,934099,934099,1730683868191,true
713929,71746.2,0.01,934100,934100,1730683878258,false
713930,71745.0,0.034,934101,934101,1730683878537,false
713931,71749.9,0.041,934102,934102,1730683878537,false
713932,71750.2,0.01,934103,934103,1730683878537,false
713933,71751.1,0.005,934104,934104,1730683878537,false
713934,71751.2,0.01,934105,934105,1730683878537,false
713935,71752.2,0.047,934106,934107,1730683878537,false
713936,71725.0,0.08,934108,934108,1730683884769,true
713937,71717.7,0.01,934109,934109,1730683895872,false
713938,71722.9,0.02,934110,934110,1730683895872,false
713939,71717.6,0.006,934111,934112,1730683895939,false
713940,71714.8,0.004,934113,934113,1730683897287,false
713941,71714.8,0.01,934114,934114,1730683898658,false
713942,71717.9,0.019,934115,934115,1730683898658,false
713943,71744.3,0.026,934116,934116,1730683909672,true
713944,71745.2,0.01,934117,934117,1730683914200,false
713945,71745.2,0.01,934118,934118,1730683914453,false
713946,71748.8,0.01,934119,934119,1730683914709,false
713947,71748.9,0.034,934120,934120,1730683914709,false
713948,71747.0,0.002,934121,934121,1730683914835,true
713949,71748.7,0.01,934122,934122,1730683915019,false
713950,71757.0,0.006,934123,934123,1730683917287,false
713951,71777.1,0.026,934124,934124,1730683921293,true
713952,71800.0,0.007,934125,934125,1730683927301,false
713953,71800.0,0.002,934126,934127,1730683928092,false
713954,71800.0,0.002,934128,934129,1730683928491,false
713955,71798.9,0.001,934130,934130,1730683932513,true
713956,71791.8,0.028,934131,934131,1730683939144,true
713957,71794.0,0.026,934132,934134,1730683951392,true
713958,71782.7,0.056,934135,934142,1730683967310,true
713959,71756.6,0.024,934143,934143,1730683970602,true
713960,71750.2,0.006,934144,934144,1730683972287,false
713961,71735.7,0.01,934145,934145,1730683977377,true
713962,71735.6,0.014,934146,934146,1730683977377,true
713963,71735.5,0.019,934147,934147,1730683977377,true
713964,71733.6,0.014,934148,934148,1730683977377,true
713965,71735.7,0.041,934149,934149,1730684003276,true
713966,71755.5,0.006,934150,934151,1730684024317,false
713967,71726.0,0.003,934152,934153,1730684040931,true
713968,71713.7,0.007,934154,934154,1730684042287,false
713969,71717.5,0.005,934155,934155,1730684047442,true
713970,71702.0,0.027,934156,934156,1730684050882,true
713971,71700.0,0.014,934157,934158,1730684050920,true
713972,71697.9,0.007,934159,934159,1730684053050,true
713973,71698.3,0.003,934160,934160,1730684064712,true
713974,71687.8,0.02,934161,934161,1730684067831,true
713975,71674.1,0.019,934162,934163,1730684079644,true
713976,71672.3,0.012,934164,934165,1730684079644,true
713977,71670.0,0.008,934166,934166,1730684079735,true
713978,71662.1,0.01,934167,934167,1730684090789,true
713979,71662.0,0.014,934168,934168,1730684090789,true
713980,71660.4,0.01,934169,934169,1730684090789,true
713981,71658.0,0.023,934170,934170,1730684090789,true
713982,71657.9,0.023,934171,934171,1730684090789,true
713983,71655.7,0.006,934172,934173,1730684093326,false
713984,71642.7,0.011,934174,934174,1730684097287,false
713985,71642.6,0.002,934175,934175,1730684098314,true
713986,71640.0,0.002,934176,934176,1730684098314,true
713987,71640.1,0.005,934177,934179,1730684103720,false
713988,71640.0,0.013,934180,934180,1730684105567,true
713989,71627.0,0.002,934181,934181,1730684107061,true
713990,71622.0,0.002,934182,934183,1730684107153,true
713991,71639.7,0.011,934184,934184,1730684116140,true
713992,71634.0,0.012,934185,934186,1730684116140,true
713993,71633.9,0.001,934187,934187,1730684116140,true
713994,71621.0,0.004,934188,934188,1730684121354,true
713995,71616.2,0.007,934189,934190,1730684123297,true
713996,71610.1,0.006,934191,934191,1730684123297,true
713997,71610.0,0.002,934192,934193,1730684130238,true
713998,71610.0,0.028,934194,934196,1730684131005,true
713999,71603.8,0.01,934197,934200,1730684135147,false
714000,71611.3,0.006,934201,934202,1730684144126,true
714001,71613.1,0.001,934203,934203,1730684156232,false
714002,71619.2,0.002,934204,934204,1730684160368,false
714003,71619.3,0.002,934205,934205,1730684160368,false
714004,71619.6,0.002,934206,934206,1730684160614,true
714005,71617.0,0.008,934207,934208,1730684162102,true
714006,71612.1,0.001,934209,934209,1730684162132,true
714007,71605.3,0.001,934210,934210,1730684162132,true
714008,71604.2,0.003,934211,934211,1730684162132,true
714009,71604.3,0.002,934212,934212,1730684165486,true
714010,71617.1,0.005,934213,934213,1730684165653,false
714011,71617.0,0.008,934214,934217,1730684165802,false
714012,71617.1,0.001,934218,934218,1730684165890,false
714013,71618.8,0.001,934219,934219,1730684177013,true
714014,71611.8,0.001,934220,934220,1730684177906,true
714015,71603.0,0.013,934221,934222,1730684179067,true
714016,71600.0,0.015,934223,934224,1730684179188,true
714017,71588.5,0.002,934225,934225,1730684180088,true
714018,71597.2,0.01,934226,934229,1730684213705,true
714019,71580.0,0.06,934230,934230,1730684226720,true
714020,71594.9,0.002,934231,934231,1730684233593,true
714021,71591.8,0.002,934232,934233,1730684234340,false
714022,71589.8,0.007,934234,934235,1730684258544,true
714023,71573.2,0.002,934236,934236,1730684266193,true
714024,71570.6,0.002,934237,934237,1730684270178,true
714025,71568.0,0.003,934238,934238,1730684270184,true
714026,71567.9,0.004,934239,934240,1730684270184,true
714027,71555.4,0.001,934241,934241,1730684282840,true
714028,71550.0,0.12,934242,934242,1730684282905,true
714029,71543.4,0.002,934243,934243,1730684288574,true
714030,71556.3,0.01,934244,934244,1730684310365,false
714031,71556.4,0.004,934245,934245,1730684310365,false
714032,71556.4,0.004,934246,934246,1730684310685,false
714033,71559.8,0.01,934247,934247,1730684310685,false
714034,71590.8,0.005,934248,934248,1730684328554,false
714035,71559.5,0.005,934249,934249,1730684349748,false
714036,71559.6,0.013,934250,934250,1730684350040,false
714037,71559.6,0.002,934251,934251,1730684350328,false
714038,71545.9,0.002,934252,934252,1730684354156,true
714039,71553.7,0.009,934253,934255,1730684356786,false
714040,71553.7,0.001,934256,934256,1730684357314,false
714041,71566.4,0.002,934257,934257,1730684360106,false
714042,71571.1,0.001,934258,934258,1730684364902,false
714043,71553.8,0.006,934259,934259,1730684368879,true
714044,71545.8,0.001,934260,934260,1730684369683,true
714045,71545.3,0.003,934261,934261,1730684369685,true
714046,71533.7,0.002,934262,934263,1730684374950,true
714047,71531.9,0.001,934264,934264,1730684374951,true
714048,71531.4,0.005,934265,934265,1730684374965,true
714049,71583.6,0.008,934266,934266,1730684400766,false
714050,71583.8,0.002,934267,934267,1730684400766,false
714051,71600.0,0.001,934268,934268,1730684404723,false
714052,71607.3,0.002,934269,934269,1730684414766,true
714053,71602.7,0.001,934270,934270,1730684416598,true
714054,71607.4,0.009,934271,934274,1730684428675,false
714055,71616.2,0.035,934275,934275,1730684476127,true
714056,71616.1,0.02,934276,934276,1730684476127,true
714057,71629.0,0.001,934277,934277,1730684511274,false
714058,71630.0,0.01,934278,934279,1730684511863,false
714059,71633.9,0.006,934280,934280,1730684511863,false
714060,71630.0,0.008,934281,934282,1730684511875,false
714061,71633.9,0.005,934283,934285,1730684512122,false
714062,71646.2,0.008,934286,934286,1730684512149,false
714063,71645.2,0.008,934287,934287,1730684527287,false
714064,71645.3,0.002,934288,934288,1730684527287,false
714065,71644.6,0.002,934289,934289,1730684533795,true
714066,71644.6,0.007,934290,934292,1730684537524,true
714067,71642.3,0.002,934293,934293,1730684556930,false
714068,71650.0,0.001,934294,934294,1730684556951,false
714069,71657.8,0.008,934295,934295,1730684557287,false
714070,71660.0,0.001,934296,934296,1730684557287,false
714071,71641.3,0.004,934297,934299,1730684564607,false
714072,71641.3,0.004,934300,934301,1730684564724,false
714073,71655.6,0.004,934302,934302,1730684564939,false
714074,71660.0,0.011,934303,934304,1730684585690,false
714075,71660.0,0.002,934305,934305,1730684585961,false
714076,71660.0,0.001,934306,934306,1730684586218,false
714077,71660.0,0.015,934307,934308,1730684586544,false
714078,71652.5,0.008,934309,934309,1730684589423,false
714079,71652.5,0.008,934310,934310,1730684593342,false
714080,71654.0,0.01,934311,934311,1730684593342,false
714081,71652.5,0.008,934312,934312,1730684593603,false
714082,71652.5,0.024,934313,934315,1730684593784,false
714083,71654.0,0.034,934316,934316,1730684595750,false
714084,71665.1,0.008,934317,934317,1730684596965,false
714085,71669.9,0.008,934318,934318,1730684599169,false
714086,71670.0,0.001,934319,934319,1730684599169,false
714087,71670.6,0.008,934320,934320,1730684603542,false
714088,71672.6,0.025,934321,934321,1730684603542,false
714089,71670.5,0.008,934322,934322,1730684603546,false
714090,71673.7,0.008,934323,934323,1730684605775,false
714091,71673.8,0.034,934324,934324,1730684605775,false
714092,71674.3,0.01,934325,934325,1730684605775,false
714093,71676.6,0.008,934326,934326,1730684608166,false
714094,71676.7,0.023,934327,934327,1730684608166,false
714095,71677.1,0.008,934328,934328,1730684608166,false
714096,71677.9,0.001,934329,934329,1730684608166,false
714097,71676.5,0.008,934330,934330,1730684608422,false
714098,71668.9,0.034,934331,934331,1730684613118,false
714099,71675.6,0.008,934332,934332,1730684615122,false
714100,71677.9,0.001,934333,934333,1730684615122,false
714101,71683.2,0.005,934334,934334,1730684615122,false
714102,71683.3,0.016,934335,934335,1730684615122,false
714103,71675.4,0.033,934336,934337,1730684618489,true
714104,71656.6,0.034,934338,934338,1730684620019,false
714105,71664.9,0.03,934339,934341,1730684620517,true
714106,71662.1,0.026,934342,934342,1730684620577,true
714107,71650.4,0.042,934343,934348,1730684630285,false
714108,71646.4,0.034,934349,934349,1730684640339,false
714109,71654.4,0.025,934350,934353,1730684640755,true
714110,71652.6,0.029,934354,934356,1730684640792,true
714111,71646.9,0.011,934357,934357,1730684642287,false
714112,71640.4,0.024,934358,934358,1730684644858,true
714113,71626.8,0.008,934359,934361,1730684647973,false
714114,71626.7,0.003,934362,934362,1730684654381,true
714115,71626.8,0.028,934363,934366,1730684655936,false
714116,71656.4,0.034,934367,934369,1730684661450,false
714117,71651.1,0.042,934370,934372,1730684672052,false
714118,71667.8,0.001,934373,934373,1730684681834,false
714119,71667.8,0.049,934374,934376,1730684682404,false
714120,71689.7,0.042,934377,934378,1730684688458,false
714121,71685.1,0.007,934379,934381,1730684689721,true
714122,71668.1,0.003,934382,934383,1730684695044,true
714123,71658.9,0.007,934384,934386,1730684701471,false
714124,71658.9,0.027,934387,934387,1730684701614,false
714125,71676.2,0.008,934388,934390,1730684704424,true
714126,71652.7,0.006,934391,934392,1730684706336,true
714127,71646.7,0.006,934393,934394,1730684706647,false
714128,71649.9,0.034,934395,934395,1730684709039,false
714129,71652.2,0.001,934396,934396,1730684714715,true
714130,71652.3,0.037,934397,934399,1730684718471,false
714131,71656.1,0.006,934400,934401,1730684721691,true
714132,71644.0,0.034,934402,934406,1730684725772,false
714133,71644.0,0.008,934407,934407,1730684725882,false
714134,71634.0,0.034,934408,934412,1730684731763,false
714135,71647.5,0.002,934413,934414,1730684732273,true
714136,71649.9,0.001,934415,934415,1730684732802,true
714137,71649.9,0.002,934416,934417,1730684732967,true
714138,71649.9,0.035,934418,934424,1730684737353,true
714139,71638.2,0.007,934425,934426,1730684738903,true
714140,71625.3,0.001,934427,934427,1730684739147,false
714141,71625.3,0.033,934428,934436,1730684741118,false
714142,71640.4,0.003,934437,934438,1730684742743,true
714143,71635.3,0.003,934439,934440,1730684743082,true
714144,71632.9,0.029,934441,934444,1730684744253,true
714145,71630.5,0.001,934445,934445,1730684744269,true
714146,71605.5,0.007,934446,934447,1730684747093,false
714147,71591.3,0.009,934448,934448,1730684757287,false
714148,71587.4,0.034,934449,934452,1730684760705,false
714149,71634.3,0.002,934453,934453,1730684773733,true
714150,71634.4,0.002,934454,934454,1730684773871,false
714151,71634.4,0.002,934455,934455,1730684773971,true
714152,71662.1,0.003,934456,934456,1730684775711,false
714153,71659.5,0.005,934457,934459,1730684779823,false
714154,71659.9,0.034,934460,934460,1730684779920,false
714155,71689.8,0.001,934461,934461,1730684783996,false
714156,71690.0,0.009,934462,934463,1730684783998,false
714157,71695.0,0.005,934464,934464,1730684784018,false
714158,71700.0,0.044,934465,934467,1730684785902,false
714159,71710.0,0.017,934468,934470,1730684795764,false
714160,71711.6,0.003,934471,934471,1730684798381,true
714161,71720.0,0.015,934472,934472,1730684802140,false
714162,71720.4,0.008,934473,934473,1730684802314,false
714163,71721.1,0.008,934474,934474,1730684802653,false
714164,71720.9,0.001,934475,934475,1730684807296,true
714165,71714.0,0.001,934476,934476,1730684808305,true
714166,71702.9,0.004,934477,934478,1730684812482,true
714167,71695.2,0.034,934479,934479,1730684812962,false
714168,71693.3,0.003,934480,934482,1730684815170,true
714169,71676.3,0.034,934483,934484,1730684820180,false
714170,71684.7,0.002,934485,934485,1730684823122,false
714171,71689.1,0.023,934486,934486,1730684823122,false
714172,71689.3,0.007,934487,934487,1730684823122,false
714173,71675.8,0.034,934488,934491,1730684830924,false
714174,71702.4,0.002,934492,934492,1730684833844,true
714175,71696.5,0.034,934493,934493,1730684836253,false
714176,71710.9,0.001,934494,934494,1730684838959,false
714177,71723.3,0.042,934495,934496,1730684844523,false
714178,71723.3,0.008,934497,934497,1730684844919,false
714179,71730.0,0.001,934498,934498,1730684849666,false
714180,71730.1,0.034,934499,934499,1730684849674,false
714181,71749.9,0.034,934500,934500,1730684856645,false
714182,71750.0,0.032,934501,934502,1730684857038,false
714183,71750.8,0.009,934503,934503,1730684862287,false
714184,71750.8,0.025,934504,934504,1730684863154,false
714185,71766.1,0.001,934505,934505,1730684868819,true
714186,71757.6,0.034,934506,934506,1730684869349,false
714187,71748.9,0.034,934507,934507,1730684875469,false
714188,71757.1,0.001,934508,934508,1730684875791,true
714189,71763.3,0.004,934509,934510,1730684880618,true
714190,71769.5,0.019,934511,934511,1730684883199,true
714191,71760.6,0.01,934512,934512,1730684892253,true
714192,71760.5,0.019,934513,934513,1730684892253,true
714193,71760.4,0.01,934514,934514,1730684892253,true
714194,71759.4,0.011,934515,934515,1730684892253,true
714195,71769.7,0.001,934516,934516,1730684895444,true
714196,71769.4,0.002,934517,934517,1730684914540,false
714197,71770.0,0.002,934518,934518,1730684915002,false
714198,71778.0,0.015,934519,934521,1730684917891,false
714199,71778.0,0.008,934522,934522,1730684919222,false
714200,71780.0,0.068,934523,934524,1730684926727,false
714201,71790.0,0.002,934525,934525,1730684952040,false
714202,71792.2,0.008,934526,934526,1730684952287,false
714203,71793.6,0.001,934527,934527,1730684952287,false
714204,71793.6,0.002,934528,934528,1730684954762,true
714205,71795.9,0.001,934529,934529,1730684955512,false
714206,71795.7,0.001,934530,934530,1730684955939,true
714207,71783.4,0.021,934531,934534,1730684961489,true
714208,71777.6,0.001,934535,934535,1730684966394,false
714209,71777.5,0.072,934536,934542,1730684973667,true
714210,71775.0,0.08,934543,934543,1730684973771,true
714211,71755.9,0.02,934544,934544,1730684984113,true
714212,71750.0,0.054,934545,934548,1730684984929,true
714213,71758.8,0.02,934549,934550,1730685000966,true
714214,71756.6,0.019,934551,934554,1730685004822,true
714215,71731.1,0.002,934555,934555,1730685014497,true
714216,71734.1,0.024,934556,934556,1730685016580,true
714217,71734.3,0.002,934557,934557,1730685022580,false
714218,71746.2,0.013,934558,934558,1730685027237,true
714219,71746.1,0.021,934559,934559,1730685027237,true
714220,71738.3,0.013,934560,934560,1730685027318,true
714221,71732.3,0.02,934561,934561,1730685027704,true
714222,71722.6,0.015,934562,934566,1730685035602,false
714223,71729.8,0.01,934567,934569,1730685035911,false
714224,71733.8,0.005,934570,934570,1730685042287,false
714225,71778.6,0.008,934571,934571,1730685069991,false
714226,71783.1,0.009,934572,934572,1730685069991,false
714227,71784.2,0.009,934573,934573,1730685069991,false
714228,71785.9,0.001,934574,934574,1730685069991,false
714229,71792.0,0.007,934575,934575,1730685069991,false
714230,71780.3,0.008,934576,934576,1730685070077,false
714231,71781.4,0.011,934577,934577,1730685070077,false
714232,71785.9,0.001,934578,934578,1730685070077,false
714233,71791.8,0.01,934579,934579,1730685070077,false
714234,71791.9,0.004,934580,934580,1730685070077,false
714235,71781.9,0.001,934581,934581,1730685074747,false
714236,71780.6,0.034,934582,934583,1730685077465,false
714237,71781.9,0.007,934584,934584,1730685077513,false
714238,71785.2,0.007,934585,934585,1730685077513,false
714239,71785.9,0.001,934586,934586,1730685077513,false
714240,71789.1,0.008,934587,934587,1730685077513,false
714241,71791.4,0.003,934588,934588,1730685077513,false
714242,71780.6,0.008,934589,934589,1730685077560,false
714243,71791.3,0.015,934590,934590,1730685077560,false
714244,71791.4,0.005,934591,934591,1730685077560,false
714245,71785.1,0.006,934592,934592,1730685082288,false
714246,71793.1,0.001,934593,934593,1730685082525,false
714247,71794.9,0.007,934594,934594,1730685082525,false
714248,71799.4,0.006,934595,934595,1730685082525,false
714249,71800.0,0.01,934596,934596,1730685082525,false
714250,71800.3,0.001,934597,934597,1730685082525,false
714251,71800.6,0.001,934598,934598,1730685082525,false
714252,71803.0,0.005,934599,934599,1730685082525,false
714253,71807.5,0.001,934600,934600,1730685083265,false
714254,71809.3,0.006,934601,934601,1730685083265,false
714255,71799.5,0.008,934602,934602,1730685083846,false
714256,71800.9,0.042,934603,934604,1730685086049,false
714257,71802.5,0.005,934605,934605,1730685086049,false
714258,71801.6,0.027,934606,934606,1730685094016,true
714259,71794.8,0.01,934607,934607,1730685098256,false
714260,71794.9,0.034,934608,934608,1730685098602,false
714261,71804.7,0.008,934609,934609,1730685101353,false
714262,71806.1,0.01,934610,934610,1730685101353,false
714263,71807.5,0.001,934611,934611,1730685101353,false
714264,71809.2,0.01,934612,934612,1730685101353,false
714265,71809.3,0.007,934613,934613,1730685101353,false
714266,71809.2,0.008,934614,934614,1730685101485,false
714267,71809.3,0.02,934615,934616,1730685101485,false
714268,71805.4,0.278,934617,934617,1730685102579,true
714269,71803.8,0.032,934618,934618,1730685108153,false
714270,71804.1,0.032,934619,934620,1730685110782,false
714271,71804.4,0.002,934621,934621,1730685111057,false
714272,71804.4,0.006,934622,934622,1730685111319,false
714273,71804.3,0.005,934623,934623,1730685111599,false
714274,71804.3,0.003,934624,934624,1730685111800,false
714275,71804.2,0.008,934625,934625,1730685111804,false
714276,71804.1,0.032,934626,934630,1730685111822,false
714277,71804.1,0.024,934631,934633,1730685111942,false
714278,71805.4,0.008,934634,934634,1730685112428,false
714279,71805.3,0.008,934635,934635,1730685112430,false
714280,71805.4,0.008,934636,934636,1730685112653,false
714281,71805.5,0.01,934637,934637,1730685112653,false
714282,71805.6,0.007,934638,934638,1730685112653,false
714283,71805.4,0.008,934639,934639,1730685112760,false
714284,71805.3,0.173,934640,934640,1730685114444,true
714285,71802.7,0.027,934641,934641,1730685114669,true
714286,71809.8,0.008,934642,934642,1730685117817,false
714287,71810.0,0.03,934643,934643,1730685117817,false
714288,71809.7,0.008,934644,934644,1730685117860,false
714289,71809.9,0.016,934645,934645,1730685117860,false
714290,71810.0,0.006,934646,934646,1730685117860,false
714291,71809.6,0.008,934647,934647,1730685117905,false
714292,71809.9,0.018,934648,934648,1730685117905,false
714293,71810.0,0.009,934649,934649,1730685117905,false
714294,71809.5,0.008,934650,934650,1730685117908,false
714295,71809.9,0.017,934651,934651,1730685117908,false
714296,71810.0,0.004,934652,934652,1730685117908,false
714297,71808.9,0.025,934653,934653,1730685118634,false
714298,71808.8,0.079,934654,934658,1730685126151,true
714299,71810.0,0.029,934659,934659,1730685126552,false
714300,71809.9,0.013,934660,934660,1730685126937,false
714301,71810.0,0.022,934661,934661,1730685126937,false
714302,71809.9,0.011,934662,934662,1730685126988,false
714303,71810.0,0.032,934663,934666,1730685126988,false
714304,71810.1,0.015,934667,934667,1730685127037,false
714305,71809.3,0.034,934668,934668,1730685127865,false
714306,71810.0,0.008,934669,934669,1730685128102,false
714307,71809.9,0.008,934670,934670,1730685128203,false
714308,71810.0,0.016,934671,934672,1730685128303,false
714309,71809.9,0.016,934673,934674,1730685128502,false
714310,71810.0,0.016,934675,934676,1730685128769,false
714311,71813.8,0.008,934677,934677,1730685129180,false
714312,71813.9,0.001,934678,934678,1730685129180,false
714313,71813.7,0.008,934679,934679,1730685129437,false
714314,71813.9,0.002,934680,934681,1730685130557,false
714315,71821.3,0.015,934682,934682,1730685130633,false
714316,71821.6,0.047,934683,934684,1730685130633,false
714317,71821.5,0.011,934685,934685,1730685130662,false
714318,71821.6,0.022,934686,934686,1730685130662,false
714319,71821.5,0.008,934687,934687,1730685130757,false
714320,71821.6,0.012,934688,934688,1730685130757,false
714321,71821.9,0.001,934689,934689,1730685130757,false
714322,71824.1,0.001,934690,934690,1730685130757,false
714323,71824.3,0.008,934691,934691,1730685130757,false
714324,71828.5,0.001,934692,934692,1730685130757,false
714325,71828.7,0.001,934693,934693,1730685130757,false
714326,71827.9,0.029,934694,934694,1730685131026,false
714327,71827.9,0.002,934695,934695,1730685132034,false
714328,71817.6,0.002,934696,934696,1730685133817,true
714329,71818.7,0.303,934697,934698,1730685135560,true
714330,71805.7,0.007,934699,934699,1730685142287,false
714331,71819.5,0.011,934700,934701,1730685143619,false
714332,71820.6,0.009,934702,934702,1730685143619,false
714333,71821.9,0.001,934703,934703,1730685143619,false
714334,71824.8,0.008,934704,934704,1730685143619,false
714335,71828.4,0.006,934705,934705,1730685143619,false
714336,71809.8,0.01,934706,934706,1730685143770,false
714337,71815.7,0.005,934707,934707,1730685143770,false
714338,71821.3,0.018,934708,934708,1730685143770,false
714339,71812.0,0.005,934709,934709,1730685144237,false
714340,71812.1,0.029,934710,934710,1730685144237,false
714341,71805.0,0.006,934711,934711,1730685147805,false
714342,71805.1,0.022,934712,934712,1730685147805,false
714343,71813.0,0.031,934713,934713,1730685172088,false
714344,71811.2,0.005,934714,934714,1730685172301,false
714345,71815.8,0.01,934715,934715,1730685172301,false
714346,71818.4,0.01,934716,934716,1730685172301,false
714347,71821.2,0.005,934717,934717,1730685172301,false
714348,71812.6,0.007,934718,934718,1730685172741,false
714349,71812.7,0.021,934719,934719,1730685172741,false
714350,71816.8,0.034,934720,934721,1730685173996,false
714351,71821.1,0.002,934722,934722,1730685174001,false
714352,71821.9,0.001,934723,934723,1730685174001,false
714353,71822.4,0.007,934724,934724,1730685174001,false
714354,71827.3,0.008,934725,934725,1730685174001,false
714355,71829.1,0.001,934726,934726,1730685174001,false
714356,71830.0,0.002,934727,934727,1730685174001,false
714357,71830.3,0.006,934728,934728,1730685174001,false
714358,71826.7,0.031,934729,934729,1730685174007,false
714359,71826.6,0.008,934730,934730,1730685174244,false
714360,71826.7,0.01,934731,934731,1730685174244,false
714361,71829.1,0.001,934732,934732,1730685174244,false
714362,71830.2,0.011,934733,934733,1730685174244,false
714363,71830.3,0.004,934734,934734,1730685174244,false
714364,71819.2,0.031,934735,934736,1730685175405,true
714365,71815.9,0.031,934737,934737,1730685179271,true
714366,71813.0,0.019,934738,934738,1730685179473,false
714367,71821.9,0.001,934739,934739,1730685179473,false
714368,71822.4,0.009,934740,934740,1730685179474,false
714369,71826.0,0.013,934741,934742,1730685179474,false
714370,71826.2,0.051,934743,934744,1730685179474,false
714371,71815.4,0.034,934745,934745,1730685179574,false
714372,71816.2,0.008,934746,934746,1730685179674,false
714373,71829.1,0.001,934747,934747,1730685179674,false
714374,71830.8,0.01,934748,934748,1730685179675,false
714375,71832.6,0.013,934749,934749,1730685179675,false
714376,71817.5,0.008,934750,934750,1730685179689,false
714377,71832.5,0.01,934751,934751,1730685179689,false
714378,71832.6,0.01,934752,934752,1730685179689,false
714379,71818.4,0.019,934753,934753,1730685180071,true
714380,71809.2,0.005,934754,934754,1730685180367,true
714381,71805.1,0.008,934755,934755,1730685186281,false
714382,71805.1,0.002,934756,934756,1730685193352,true
714383,71805.2,0.002,934757,934757,1730685198931,false
714384,71812.2,0.01,934758,934758,1730685198931,false
714385,71814.7,0.001,934759,934759,1730685198931,false
714386,71815.1,0.007,934760,934760,1730685198931,false
714387,71819.5,0.006,934761,934761,1730685198931,false
714388,71819.2,0.019,934762,934762,1730685198949,false
714389,71819.3,0.009,934763,934763,1730685198949,false
714390,71821.9,0.001,934764,934764,1730685198949,false
714391,71828.9,0.004,934765,934765,1730685198949,false
714392,71811.9,0.006,934766,934766,1730685199040,false
714393,71812.0,0.026,934767,934767,1730685199040,false
714394,71812.0,0.011,934768,934768,1730685199204,false
714395,71812.1,0.034,934769,934770,1730685199204,false
714396,71821.9,0.001,934771,934771,1730685199256,false
714397,71826.4,0.008,934772,934772,1730685199256,false
714398,71826.5,0.003,934773,934773,1730685199256,false
714399,71809.1,0.005,934774,934774,1730685207128,false
714400,71819.7,0.006,934775,934776,1730685215455,true
714401,71815.5,0.006,934777,934777,1730685222287,false
714402,71815.5,0.008,934778,934780,1730685228415,false
714403,71820.8,0.008,934781,934785,1730685232996,true
714404,71807.3,0.034,934786,934786,1730685235172,false
714405,71811.7,0.01,934787,934787,1730685238863,true
714406,71814.7,0.001,934788,934788,1730685239271,false
714407,71827.1,0.027,934789,934789,1730685250223,false
714408,71826.5,0.002,934790,934790,1730685253170,true
714409,71828.8,0.002,934791,934791,1730685258289,false
714410,71822.7,0.034,934792,934792,1730685265484,false
714411,71826.3,0.006,934793,934793,1730685265484,false
714412,71826.4,0.034,934794,934795,1730685276142,false
714413,71829.1,0.001,934796,934796,1730685276143,false
714414,71829.8,0.009,934797,934797,1730685276143,false
714415,71834.3,0.006,934798,934798,1730685276143,false
714416,71834.7,0.007,934799,934799,1730685276143,false
714417,71836.2,0.001,934800,934800,1730685276143,false
714418,71836.3,0.001,934801,934801,1730685276143,false
714419,71838.0,0.005,934802,934802,1730685276143,false
714420,71828.3,0.028,934803,934803,1730685279507,true
714421,71824.2,0.041,934804,934804,1730685279605,false
714422,71827.8,0.031,934805,934805,1730685279605,false
714423,71814.5,0.005,934806,934806,1730685282287,false
714424,71804.8,0.002,934807,934807,1730685287510,false
714425,71809.8,0.025,934808,934808,1730685294075,false
714426,71827.7,0.001,934809,934809,1730685328592,true
714427,71828.1,0.005,934810,934810,1730685332287,false
714428,71828.0,0.002,934811,934812,1730685335130,true
714429,71822.9,0.007,934813,934814,1730685339111,false
714430,71824.7,0.005,934815,934815,1730685339149,false
714431,71838.8,0.001,934816,934816,1730685341734,false
714432,71840.0,0.24,934817,934818,1730685341734,false
714433,71848.3,0.001,934819,934819,1730685352490,false
714434,71850.0,0.001,934820,934820,1730685352564,false
714435,71845.4,0.003,934821,934823,1730685353034,false
714436,71852.4,0.026,934824,934829,1730685360818,true
714437,71838.9,0.002,934830,934830,1730685374016,true
714438,71839.0,0.002,934831,934831,1730685374101,false
714439,71836.2,0.025,934832,934835,1730685375724,true
714440,71858.9,0.006,934836,934837,1730685387287,false
714441,71859.3,0.002,934838,934838,1730685398233,false
714442,71861.0,0.004,934839,934841,1730685401365,false
714443,71870.0,0.025,934842,934843,1730685407201,false
714444,71868.7,0.003,934844,934844,1730685411516,false
714445,71866.4,0.004,934845,934845,1730685419848,false
714446,71877.8,0.034,934846,934846,1730685431334,false
714447,71856.5,0.034,934847,934850,1730685450156,false
714448,71859.1,0.034,934851,934852,1730685456696,false
714449,71859.4,0.009,934853,934853,1730685456703,false
714450,71872.3,0.001,934854,934854,1730685456703,false
714451,71873.7,0.017,934855,934855,1730685456703,false
714452,71852.2,0.008,934856,934856,1730685467287,false
714453,71852.3,0.001,934857,934857,1730685467287,false
714454,71841.5,0.015,934858,934858,1730685472840,false
714455,71842.0,0.008,934859,934861,1730685473409,false
714456,71851.6,0.002,934862,934862,1730685493928,true
714457,71854.4,0.001,934863,934863,1730685503685,false
714458,71854.4,0.001,934864,934864,1730685503823,false
714459,71868.8,0.034,934865,934865,1730685510605,false
714460,71877.5,0.014,934866,934872,1730685530247,true
714461,71877.5,0.005,934873,934877,1730685530919,true
714462,71877.5,0.001,934878,934878,1730685531121,true
714463,71863.0,0.001,934879,934879,1730685537136,false
714464,71863.0,0.033,934880,934880,1730685537961,false
714465,71874.4,0.007,934881,934881,1730685552287,false
714466,71874.4,0.001,934882,934882,1730685554444,false
714467,71865.9,0.003,934883,934885,1730685560409,false
714468,71867.7,0.006,934886,934887,1730685570805,true
714469,71843.0,0.011,934888,934892,1730685587125,false
714470,71843.0,0.023,934893,934895,1730685598902,false
714471,71877.8,0.009,934896,934899,1730685605362,true
714472,71863.0,0.002,934900,934900,1730685616332,true
714473,71863.0,0.026,934901,934905,1730685616727,true
714474,71863.0,0.016,934906,934906,1730685616895,true
714475,71850.4,0.008,934907,934907,1730685617287,false
714476,71839.7,0.005,934908,934910,1730685625093,false
714477,71840.5,0.007,934911,934913,1730685625475,false
714478,71840.9,0.005,934914,934914,1730685625992,false
714479,71845.4,0.008,934915,934916,1730685626666,false
714480,71845.5,0.034,934917,934918,1730685626666,false
714481,71859.5,0.01,934919,934919,1730685627799,true
714482,71862.9,0.002,934920,934920,1730685634847,false
714483,71882.2,0.009,934921,934922,1730685642347,false
714484,71883.8,0.042,934923,934924,1730685643278,false
714485,71883.8,0.008,934925,934925,1730685643707,false
714486,71888.0,0.475,934926,934932,1730685646046,false
714487,71888.0,0.498,934933,934936,1730685646165,false
714488,71889.6,0.001,934937,934937,1730685646248,false
714489,71890.0,0.002,934938,934938,1730685646248,false
714490,71900.0,0.01,934939,934939,1730685646314,false
714491,71904.2,0.002,934940,934940,1730685647325,true
714492,71900.3,0.022,934941,934949,1730685647827,true
714493,71900.3,0.003,934950,934950,1730685647952,true
714494,71892.0,0.001,934951,934951,1730685648030,false
714495,71886.4,0.002,934952,934952,1730685648883,true
714496,71886.4,0.015,934953,934953,1730685649475,true
714497,71892.5,0.01,934954,934954,1730685676130,true
714498,71891.9,0.01,934955,934955,1730685676130,true
714499,71891.7,0.051,934956,934957,1730685676130,true
714500,71891.6,0.017,934958,934958,1730685676130,true
714501,71889.3,0.001,934959,934959,1730685676130,true
714502,71887.8,0.013,934960,934960,1730685676130,true
714503,71887.7,0.041,934961,934961,1730685676130,true
714504,71882.3,0.01,934962,934962,1730685676130,true
714505,71882.2,0.001,934963,934963,1730685676130,true
714506,71882.1,0.01,934964,934964,1730685676130,true
714507,71880.1,0.058,934965,934965,1730685676130,true
714508,71880.0,0.167,934966,934966,1730685676130,true
714509,71904.8,0.013,934967,934968,1730685678073,false
714510,71901.1,0.003,934969,934969,1730685681279,true
714511,71900.0,0.08,934970,934970,1730685681279,true
714512,71896.4,0.001,934971,934971,1730685681280,true
714513,71896.1,0.007,934972,934972,1730685681280,true
714514,71892.7,0.061,934973,934973,1730685681280,true
714515,71902.7,0.019,934974,934977,1730685693702,false
714516,71905.4,0.002,934978,934978,1730685693718,false
714517,71910.0,0.002,934979,934979,1730685695724,false
714518,71916.0,0.004,934980,934980,1730685701617,false
714519,71929.6,0.01,934981,934981,1730685701617,false
714520,71929.7,0.009,934982,934982,1730685701617,false
714521,71929.8,0.01,934983,934983,1730685701617,false
714522,71921.3,0.001,934984,934984,1730685704928,true
714523,71921.4,0.001,934985,934985,1730685706964,false
714524,71921.4,0.005,934986,934986,1730685707287,false
714525,71921.3,0.016,934987,934992,1730685710768,true
714526,71919.2,0.034,934993,934995,1730685718553,false
714527,71930.0,0.002,934996,934996,1730685718628,false
714528,71930.9,0.001,934997,934997,1730685718639,false
714529,71931.2,0.001,934998,934998,1730685718655,false
714530,71940.2,0.007,934999,935000,1730685718655,false
714531,71943.0,0.006,935001,935002,1730685718655,false
714532,71943.7,0.012,935003,935003,1730685718655,false
714533,71935.1,0.03,935004,935007,1730685720821,true
714534,71927.0,0.004,935008,935008,1730685721946,true
714535,71929.4,0.001,935009,935009,1730685723595,true
714536,71920.1,0.003,935010,935012,1730685729748,true
714537,71920.1,0.02,935013,935013,1730685729901,true
714538,71914.8,0.025,935014,935017,1730685729971,true
714539,71912.0,0.028,935018,935018,1730685732170,true
714540,71912.0,0.024,935019,935019,1730685732360,true
714541,71903.1,0.002,935020,935020,1730685733903,true
714542,71900.4,0.026,935021,935021,1730685735996,true
714543,71903.2,0.002,935022,935022,1730685738279,false
714544,71915.7,0.01,935023,935025,1730685743563,false
714545,71918.5,0.034,935026,935026,1730685746334,false
714546,71946.4,0.001,935027,935027,1730685756028,false
714547,71954.5,0.01,935028,935028,1730685762287,false
714548,71958.5,0.001,935029,935029,1730685765976,false
714549,71966.4,0.022,935030,935032,1730685767150,true
714550,71949.9,0.034,935033,935033,1730685770392,false
714551,71970.0,0.002,935034,935035,1730685780389,false
714552,71979.2,0.034,935036,935036,1730685792883,false
714553,71978.2,0.022,935037,935037,1730685797954,true
714554,71953.4,0.002,935038,935039,1730685804002,true
714555,71953.4,0.018,935040,935042,1730685804110,true
714556,71924.7,0.023,935043,935045,1730685810712,true
714557,71911.0,0.065,935046,935048,1730685815252,true
714558,71925.1,0.003,935049,935049,1730685827193,false
714559,71919.4,0.001,935050,935050,1730685855350,true
714560,71919.5,0.1,935051,935053,1730685855986,false
714561,71923.3,0.02,935054,935055,1730685857376,true
714562,71922.9,0.017,935056,935057,1730685857376,true
714563,71917.3,0.01,935058,935059,1730685862287,false
714564,71917.2,0.017,935060,935061,1730685864707,true
714565,71911.0,0.027,935062,935062,1730685864977,true
714566,71902.1,0.011,935063,935065,1730685867259,false
714567,71902.3,0.034,935066,935069,1730685867308,false
714568,71920.8,0.021,935070,935073,1730685872379,true
714569,71932.2,0.045,935074,935076,1730685878640,true
714570,71927.5,0.01,935077,935077,1730685878640,true
714571,71927.4,0.013,935078,935078,1730685878640,true
714572,71927.3,0.023,935079,935079,1730685878640,true
714573,71925.2,0.023,935080,935080,1730685878640,true
714574,71924.8,0.001,935081,935081,1730685878640,true
714575,71922.1,0.023,935082,935083,1730685878640,true
714576,71922.0,0.041,935084,935084,1730685878640,true
714577,71921.0,0.055,935085,935085,1730685878640,true
714578,71919.4,0.01,935086,935086,1730685878640,true
714579,71919.3,0.01,935087,935087,1730685878640,true
714580,71917.7,0.001,935088,935088,1730685878640,true
714581,71915.8,0.01,935089,935089,1730685878640,true
714582,71915.7,0.018,935090,935090,1730685878640,true
714583,71914.0,0.008,935091,935091,1730685878640,true
714584,71921.6,0.003,935092,935094,1730685890124,false
714585,71921.6,0.008,935095,935097,1730685893876,false
714586,71921.6,0.023,935098,935100,1730685896993,false
714587,71961.6,0.002,935101,935101,1730685914568,true
714588,71969.2,0.002,935102,935102,1730685915815,false
714589,71969.9,0.034,935103,935103,1730685916103,false
714590,71984.0,0.001,935104,935104,1730685916686,false
714591,71990.0,0.002,935105,935105,1730685923316,false
714592,71972.4,0.001,935106,935106,1730685955305,true
714593,71972.4,0.018,935107,935111,1730685956679,true
714594,71972.4,0.035,935112,935113,1730685956790,true
714595,71958.2,0.009,935114,935114,1730685962310,false
714596,71925.5,0.053,935115,935120,1730685971066,true
714597,71925.0,0.05,935121,935122,1730685971071,true
714598,71898.4,0.001,935123,935123,1730685975364,true
714599,71917.3,0.036,935124,935125,1730685983578,true
714600,71915.5,0.001,935126,935126,1730685987912,false
714601,71921.2,0.018,935127,935127,1730685991700,true
714602,71898.8,0.033,935128,935129,1730686016472,true
714603,71882.6,0.029,935130,935133,1730686024054,true
714604,71871.9,0.012,935134,935136,1730686027178,true
714605,71858.4,0.034,935137,935139,1730686031165,false
714606,71869.0,0.016,935140,935140,1730686031613,true
714607,71865.6,0.012,935141,935141,1730686031613,true
714608,71865.5,0.013,935142,935142,1730686031613,true
714609,71866.7,0.015,935143,935143,1730686032065,true
714610,71864.9,0.001,935144,935144,1730686034404,true
714611,71865.0,0.001,935145,935145,1730686035114,false
714612,71859.8,0.013,935146,935146,1730686042958,true
714613,71847.4,0.003,935147,935148,1730686046082,false
714614,71847.3,0.012,935149,935150,1730686049060,true
714615,71840.9,0.012,935151,935153,1730686052510,true
714616,71827.0,0.001,935154,935154,1730686052553,false
714617,71829.0,0.002,935155,935156,1730686053823,false
714618,71829.0,0.008,935157,935157,1730686057287,false
714619,71828.9,0.014,935158,935161,1730686058556,true
714620,71824.1,0.001,935162,935162,1730686062659,true
714621,71801.2,0.001,935163,935163,1730686076563,false
714622,71803.0,0.002,935164,935165,1730686076568,false
714623,71815.0,0.01,935166,935166,1730686080033,true
714624,71809.4,0.02,935167,935168,1730686080033,true
714625,71828.0,0.008,935169,935169,1730686087517,true
714626,71843.2,0.031,935170,935172,1730686091811,true
714627,71838.3,0.002,935173,935173,1730686096907,false
714628,71836.7,0.004,935174,935175,1730686106701,false
714629,71838.9,0.009,935176,935178,1730686115180,false
714630,71841.1,0.034,935179,935180,1730686115254,false
714631,71866.3,0.034,935181,935181,1730686131086,false
714632,71866.2,0.001,935182,935182,1730686135007,true
714633,71877.7,0.01,935183,935183,1730686145554,false
714634,71877.8,0.016,935184,935184,1730686145554,false
714635,71877.9,0.019,935185,935185,1730686145554,false
714636,71878.7,0.005,935186,935186,1730686145554,false
714637,71869.6,0.005,935187,935187,1730686147287,false
714638,71869.5,0.001,935188,935188,1730686152701,true
714639,71876.8,0.002,935189,935189,1730686154216,true
714640,71865.3,0.001,935190,935190,1730686164371,false
714641,71865.3,0.002,935191,935192,1730686188429,false
714642,71870.2,0.006,935193,935193,1730686207287,false
714643,71854.9,0.006,935194,935194,1730686215213,true
714644,71859.7,0.001,935195,935195,1730686216216,true
714645,71854.8,0.002,935196,935197,1730686218106,true
714646,71854.8,0.013,935198,935201,1730686218219,true
714647,71846.4,0.016,935202,935202,1730686218488,true
714648,71827.5,0.005,935203,935203,1730686228212,true
714649,71827.5,0.018,935204,935205,1730686228836,true
714650,71818.4,0.001,935206,935206,1730686235855,false
714651,71818.4,0.033,935207,935207,1730686236174,false
714652,71841.2,0.016,935208,935208,1730686238994,true
714653,71839.1,0.015,935209,935209,1730686238994,true
714654,71835.5,0.001,935210,935210,1730686254716,true
714655,71835.5,0.003,935211,935212,1730686254838,true
714656,71835.5,0.01,935213,935219,1730686255005,true
714657,71818.6,0.034,935220,935220,1730686260150,false
714658,71829.1,0.001,935221,935221,1730686260150,false
714659,71835.0,0.01,935222,935222,1730686260150,false
714660,71835.1,0.001,935223,935223,1730686260150,false
714661,71835.0,0.016,935224,935224,1730686260196,false
714662,71835.0,0.229,935225,935225,1730686262279,true
714663,71829.8,0.015,935226,935226,1730686262598,true
714664,71821.1,0.004,935227,935227,1730686267287,false
714665,71821.1,0.003,935228,935228,1730686269409,false
714666,71821.0,0.002,935229,935229,1730686273615,true
714667,71821.0,0.016,935230,935230,1730686275343,true
714668,71821.0,0.001,935231,935231,1730686275608,true
714669,71809.5,0.034,935232,935235,1730686277564,false
714670,71814.4,0.01,935236,935237,1730686279854,true
714671,71809.4,0.114,935238,935242,1730686294163,true
714672,71803.4,0.034,935243,935243,1730686294171,false
714673,71809.5,0.001,935244,935244,1730686294537,false
714674,71809.5,0.001,935245,935245,1730686295607,false
714675,71805.3,0.001,935246,935246,1730686300775,true
714676,71800.1,0.007,935247,935249,1730686309905,false
714677,71800.1,0.009,935250,935250,1730686317287,false
714678,71800.1,0.124,935251,935252,1730686325470,false
714679,71800.1,0.281,935253,935262,1730686335648,false
714680,71811.0,0.009,935263,935265,1730686336919,true
714681,71811.0,0.002,935266,935267,1730686337186,true
714682,71805.2,0.006,935268,935270,1730686343585,true
714683,71800.0,0.024,935271,935274,1730686345806,true
714684,71787.3,0.001,935275,935275,1730686349383,false
714685,71786.6,0.007,935276,935278,1730686374158,true
714686,71786.6,0.012,935279,935280,1730686374261,true
714687,71780.1,0.003,935281,935281,1730686374571,false
714688,71787.9,0.002,935282,935282,1730686393616,true
714689,71789.1,0.002,935283,935284,1730686394923,false
714690,71797.7,0.01,935285,935285,1730686407287,false
714691,71781.4,0.01,935286,935289,1730686431745,true
714692,71778.0,0.001,935290,935290,1730686435114,true
714693,71778.0,0.006,935291,935292,1730686435553,true
714694,71766.2,0.001,935293,935293,1730686445812,false
714695,71766.2,0.002,935294,935295,1730686446952,true
714696,71773.7,0.001,935296,935296,1730686473765,false
714697,71773.7,0.005,935297,935300,1730686476410,false
714698,71773.6,0.003,935301,935303,1730686483295,true
714699,71773.6,0.02,935304,935308,1730686483400,true
714700,71781.2,0.01,935309,935310,1730686501451,true
714701,71755.6,0.001,935311,935311,1730686512861,false
714702,71755.5,0.002,935312,935312,1730686514810,true
714703,71755.6,0.035,935313,935316,1730686516686,false
714704,71792.0,0.01,935317,935317,1730686522287,false
714705,71791.9,0.01,935318,935325,1730686522666,true
714706,71791.6,0.009,935326,935326,1730686522740,true
714707,71785.5,0.009,935327,935327,1730686522928,true
714708,71771.2,0.008,935328,935331,1730686532121,false
714709,71775.3,0.008,935332,935334,1730686532220,false
714710,71783.9,0.011,935335,935335,1730686536947,true
714711,71791.3,0.007,935336,935338,1730686565362,true
714712,71811.6,0.002,935339,935339,1730686574394,true
714713,71816.9,0.001,935340,935340,1730686579308,false
714714,71811.2,0.002,935341,935341,1730686587320,false
714715,71811.0,0.014,935342,935343,1730686605948,false
714716,71816.1,0.003,935344,935345,1730686607317,false
714717,71828.1,0.006,935346,935346,1730686622287,false
714718,71856.3,0.001,935347,935347,1730686634190,true
714719,71819.7,0.019,935348,935352,1730686664558,true
714720,71802.0,0.001,935353,935353,1730686670549,false
714721,71810.1,0.048,935354,935360,1730686673734,true
714722,71797.9,0.005,935361,935362,1730686675952,false
714723,71812.4,0.015,935363,935363,1730686681365,true
714724,71812.2,0.014,935364,935365,1730686683732,true
714725,71799.5,0.034,935366,935367,1730686686124,false
714726,71795.4,0.002,935368,935368,1730686693729,true
714727,71795.5,0.005,935369,935369,1730686697287,false
714728,71795.1,0.002,935370,935371,1730686699189,true
714729,71786.6,0.001,935372,935372,1730686703121,false
714730,71793.4,0.011,935373,935373,1730686703715,true
714731,71795.5,0.002,935374,935375,1730686709383,false
714732,71799.2,0.034,935376,935376,1730686710886,false
714733,71815.4,0.034,935377,935377,1730686717089,false
714734,71824.5,0.034,935378,935378,1730686722231,false
714735,71836.3,0.001,935379,935379,1730686724486,false
714736,71839.6,0.01,935380,935380,1730686725550,false
714737,71838.5,0.034,935381,935381,1730686727409,false
714738,71843.5,0.001,935382,935382,1730686728332,false
714739,71840.9,0.034,935383,935383,1730686735789,false
714740,71867.1,0.007,935384,935384,1730686742287,false
714741,71821.8,0.005,935385,935385,1730686767052,false
714742,71819.9,0.004,935386,935386,1730686782134,true
714743,71834.8,0.01,935387,935387,1730686783432,false
714744,71834.9,0.002,935388,935388,1730686783432,false
714745,71835.0,0.002,935389,935389,1730686783432,false
714746,71877.7,0.002,935390,935390,1730686814875,true
714747,71884.5,0.002,935391,935391,1730686820426,false
714748,71894.8,0.005,935392,935392,1730686822234,false
714749,71899.0,0.006,935393,935393,1730686822287,false
714750,71900.0,0.01,935394,935394,1730686823031,false
714751,71891.7,0.011,935395,935395,1730686882287,false
714752,71840.9,0.002,935396,935396,1730686933876,true
714753,71849.2,0.002,935397,935397,1730686941295,false
714754,71844.0,0.034,935398,935398,1730686957163,false
714755,71854.2,0.034,935399,935399,1730686978864,false
